
 <record>
  <leader>-----nas-a2200000z--4500</leader>
  <controlfield tag="008">121016uuuuuuuuuxx-uu-|------u|----|eng-d</controlfield>
  <datafield tag="245" ind1="" ind2="0">
   <subfield code="a">Bulletin of the Chemical Society of Japan</subfield>
  </datafield>
  <datafield tag="210" ind1="" ind2="">
   <subfield code="a">BULL CHEM SOC JPN</subfield>
  </datafield>
  <datafield tag="210" ind1="" ind2="">
   <subfield code="a">B CHEM SOC JPN</subfield>
  </datafield>
  <datafield tag="210" ind1="" ind2="">
   <subfield code="a">B CHEM S J</subfield>
  </datafield>
  <datafield tag="210" ind1="" ind2="">
   <subfield code="a">BULL CHEM SOC JAPAN</subfield>
  </datafield>
  <datafield tag="260" ind1="" ind2="">
   <subfield code="a">Tokyo,</subfield>
   <subfield code="b">Chemical Society of Japan.</subfield>
  </datafield>
  <datafield tag="022" ind1="" ind2="">
   <subfield code="a">0009-2673</subfield>
  </datafield>
  <datafield tag="776" ind1="" ind2="">
   <subfield code="x">1348-0634</subfield>
  </datafield>
  <datafield tag="090" ind1="" ind2="">
   <subfield code="a">954925389244</subfield>
  </datafield>
  <datafield tag="866" ind1="" ind2="">
   <subfield code="a">Available from 1926 volume: 1 issue: 1 until 1991 volume: 64 issue: 12. </subfield>
   <subfield code="s">1000000000002132</subfield>
   <subfield code="t">1000000000001480</subfield>
   <subfield code="x">JST Journal@rchive:Full Text</subfield>
   <subfield code="z">1000000000646852</subfield>
  </datafield>
  <datafield tag="650" ind1="" ind2="4">
   <subfield code="a">Engineering</subfield>
   <subfield code="x">Chemical Engineering</subfield>
  </datafield>
  <datafield tag="650" ind1="" ind2="4">
   <subfield code="a">Chemistry</subfield>
   <subfield code="x">General and Others</subfield>
  </datafield>
  <datafield tag="650" ind1="" ind2="4">
   <subfield code="a">Biology and Life Sciences</subfield>
   <subfield code="x">Biochemistry</subfield>
  </datafield>
 </record>