
 <record>
  <leader>-----nas-a2200000z--4500</leader>
  <controlfield tag="008">121016uuuuuuuuuxx-uu-|------u|----|jpn-d</controlfield>
  <datafield tag="245" ind1="" ind2="0">
   <subfield code="a">鉄と鋼</subfield>
  </datafield>
  <datafield tag="246" ind1="" ind2="">
   <subfield code="a">TETSU TO HAGANE J IRON STEEL INST JPN</subfield>
  </datafield>
  <datafield tag="246" ind1="" ind2="">
   <subfield code="a">TETSU HAGAN</subfield>
  </datafield>
  <datafield tag="246" ind1="" ind2="">
   <subfield code="a">TETSU TO HAGANE JOURNAL OF THE IRON AND STEEL INSTITUTE OF JAPAN</subfield>
  </datafield>
  <datafield tag="246" ind1="" ind2="">
   <subfield code="a">THE JOURNAL OF THE IRON AND STEEL INSTITUTE OF JAPAN</subfield>
  </datafield>
  <datafield tag="246" ind1="" ind2="">
   <subfield code="a">TETSU- TO- HAGANE</subfield>
  </datafield>
  <datafield tag="246" ind1="" ind2="">
   <subfield code="a">TSTSU TO HAGANE</subfield>
  </datafield>
  <datafield tag="210" ind1="" ind2="">
   <subfield code="a">テツ ト ハガネ</subfield>
  </datafield>
  <datafield tag="210" ind1="" ind2="">
   <subfield code="a">鐵と鋼</subfield>
  </datafield>
  <datafield tag="210" ind1="" ind2="">
   <subfield code="a">鐵と鋼 : 日本鐡鋼協會々誌</subfield>
  </datafield>
  <datafield tag="210" ind1="" ind2="">
   <subfield code="a">テツトハガネ</subfield>
  </datafield>
  <datafield tag="246" ind1="" ind2="">
   <subfield code="a">TETSUTOHAGANE</subfield>
  </datafield>
  <datafield tag="246" ind1="" ind2="">
   <subfield code="a">TETSU TO HAGANE</subfield>
  </datafield>
  <datafield tag="260" ind1="" ind2="">
   <subfield code="a">Tōkyō</subfield>
   <subfield code="b">日本鉄鋼協会</subfield>
  </datafield>
  <datafield tag="022" ind1="" ind2="">
   <subfield code="a">0021-1575</subfield>
  </datafield>
  <datafield tag="776" ind1="" ind2="">
   <subfield code="x">1883-2954</subfield>
  </datafield>
  <datafield tag="090" ind1="" ind2="">
   <subfield code="a">954925408766</subfield>
  </datafield>
  <datafield tag="945" ind1="" ind2="">
   <subfield code="m">テツトハガネ</subfield>
   <subfield code="s">て つ と は か ね</subfield>
  </datafield>
  <datafield tag="866" ind1="" ind2="">
   <subfield code="a">Available from 1915 volume: 1 issue: 1 until 1954 volume: 40 issue: 12. </subfield>
   <subfield code="s">1000000000002132</subfield>
   <subfield code="t">1000000000001480</subfield>
   <subfield code="x">JST Journal@rchive:Full Text</subfield>
   <subfield code="z">1000000002071812</subfield>
  </datafield>
  <datafield tag="866" ind1="" ind2="">
   <subfield code="a">Available from 1955 volume: 41 issue: 1 until 2006 volume: 92 issue: 12. </subfield>
   <subfield code="s">1000000000002132</subfield>
   <subfield code="t">1000000000001480</subfield>
   <subfield code="x">JST Journal@rchive:Full Text</subfield>
   <subfield code="z">1000000002071842</subfield>
  </datafield>
  <datafield tag="650" ind1="" ind2="4">
   <subfield code="a">Engineering</subfield>
   <subfield code="x">Mining Engineering</subfield>
  </datafield>
 </record>