
 <record>
  <leader>-----nas-a2200000z--4500</leader>
  <controlfield tag="008">121016uuuuuuuuuxx-uu-|------u|----|jpn-d</controlfield>
  <datafield tag="245" ind1="" ind2="0">
   <subfield code="a">JOURNAL OF THE JAPAN INSTITUTE OF METALS</subfield>
  </datafield>
  <datafield tag="246" ind1="" ind2="">
   <subfield code="a">J JPN INST MET</subfield>
  </datafield>
  <datafield tag="246" ind1="" ind2="">
   <subfield code="a">J JPN METAL</subfield>
  </datafield>
  <datafield tag="246" ind1="" ind2="">
   <subfield code="a">J JPN INST METAL</subfield>
  </datafield>
  <datafield tag="246" ind1="" ind2="">
   <subfield code="a">J JPN I MET</subfield>
  </datafield>
  <datafield tag="210" ind1="" ind2="">
   <subfield code="a">日本金屬學會誌</subfield>
  </datafield>
  <datafield tag="246" ind1="" ind2="">
   <subfield code="a">NIHON KINZOKU GAKKAISHI</subfield>
  </datafield>
  <datafield tag="210" ind1="" ind2="">
   <subfield code="a">日本金属学会誌</subfield>
  </datafield>
  <datafield tag="260" ind1="" ind2="">
   <subfield code="a">Sendai-shi</subfield>
   <subfield code="b">社団法人　日本金属学会</subfield>
  </datafield>
  <datafield tag="022" ind1="" ind2="">
   <subfield code="a">0021-4876</subfield>
  </datafield>
  <datafield tag="776" ind1="" ind2="">
   <subfield code="x">1880-6880</subfield>
  </datafield>
  <datafield tag="090" ind1="" ind2="">
   <subfield code="a">954925409780</subfield>
  </datafield>
  <datafield tag="945" ind1="" ind2="">
   <subfield code="m">ニホンキンゾクガッカイシ</subfield>
   <subfield code="s">に ほ ん き ん そ く か つ か い し</subfield>
  </datafield>
  <datafield tag="866" ind1="" ind2="">
   <subfield code="a">Available from 1952 volume: 16 issue: 1 until 2003 volume: 67 issue: 12. </subfield>
   <subfield code="s">1000000000002132</subfield>
   <subfield code="t">1000000000001480</subfield>
   <subfield code="x">JST Journal@rchive:Full Text</subfield>
   <subfield code="z">1000000002071846</subfield>
  </datafield>
  <datafield tag="650" ind1="" ind2="4">
   <subfield code="a">Business and Economics</subfield>
   <subfield code="x">Economics</subfield>
  </datafield>
  <datafield tag="650" ind1="" ind2="4">
   <subfield code="a">Business and Economics</subfield>
   <subfield code="x">Business Management</subfield>
  </datafield>
  <datafield tag="650" ind1="" ind2="4">
   <subfield code="a">Materials Science, Biomaterials and Metallurgy</subfield>
   <subfield code="x">Metals, Minerals, Ores &amp; Alloys</subfield>
  </datafield>
 </record>