
 <record>
  <leader>-----nas-a2200000z--4500</leader>
  <controlfield tag="008">121016uuuuuuuuuxx-uu-|------u|----|eng-d</controlfield>
  <datafield tag="245" ind1="" ind2="4">
   <subfield code="a">The Journal of General and Applied Microbiology</subfield>
  </datafield>
  <datafield tag="210" ind1="" ind2="">
   <subfield code="a">J GEN APPL MICROBIOL</subfield>
  </datafield>
  <datafield tag="210" ind1="" ind2="">
   <subfield code="a">J GEN APPL MICROBIOL TOKYO</subfield>
  </datafield>
  <datafield tag="210" ind1="" ind2="">
   <subfield code="a">J GEN A MIC</subfield>
  </datafield>
  <datafield tag="210" ind1="" ind2="">
   <subfield code="a">JOURNAL OF GENERAL AND APPLIED MICROBIOLOGY</subfield>
  </datafield>
  <datafield tag="210" ind1="" ind2="">
   <subfield code="a">THE JOURNAL OF GENERAL &amp; APPLIED MICROBIOLOGY</subfield>
  </datafield>
  <datafield tag="260" ind1="" ind2="">
   <subfield code="a">Tokyo,</subfield>
   <subfield code="b">Institute of Applied Microbiology, University of Tokyo.</subfield>
  </datafield>
  <datafield tag="022" ind1="" ind2="">
   <subfield code="a">0022-1260</subfield>
  </datafield>
  <datafield tag="776" ind1="" ind2="">
   <subfield code="x">1349-8037</subfield>
  </datafield>
  <datafield tag="090" ind1="" ind2="">
   <subfield code="a">954925413894</subfield>
  </datafield>
  <datafield tag="866" ind1="" ind2="">
   <subfield code="a">Available from 1955 volume: 1 issue: 1 until 1997 volume: 43 issue: 6. </subfield>
   <subfield code="s">1000000000002132</subfield>
   <subfield code="t">1000000000001480</subfield>
   <subfield code="x">JST Journal@rchive:Full Text</subfield>
   <subfield code="z">1000000000646895</subfield>
  </datafield>
  <datafield tag="650" ind1="" ind2="4">
   <subfield code="a">Agriculture Sciences</subfield>
   <subfield code="x">Soil Chemistry, Microbiology, Fertility &amp; Fertilizers</subfield>
  </datafield>
 </record>