
 <record>
  <leader>-----nas-a2200000z--4500</leader>
  <controlfield tag="008">121016uuuuuuuuuxx-uu-|------u|----|eng-d</controlfield>
  <datafield tag="010" ind1="" ind2="">
   <subfield code="a">   52035105 </subfield>
  </datafield>
  <datafield tag="245" ind1="" ind2="0">
   <subfield code="a">Journal of the Mathematical Society of Japan</subfield>
  </datafield>
  <datafield tag="210" ind1="" ind2="">
   <subfield code="a">J MATH SOC JPN</subfield>
  </datafield>
  <datafield tag="210" ind1="" ind2="">
   <subfield code="a">J MATH JPN</subfield>
  </datafield>
  <datafield tag="210" ind1="" ind2="">
   <subfield code="a">MATHEMATICAL SOCIETY OF JAPAN JOURNAL</subfield>
  </datafield>
  <datafield tag="210" ind1="" ind2="">
   <subfield code="a">J. MATH. SOC. JAPAN</subfield>
  </datafield>
  <datafield tag="260" ind1="" ind2="">
   <subfield code="a">Tokyo.</subfield>
   <subfield code="b">Mathematical Society of Japan</subfield>
  </datafield>
  <datafield tag="022" ind1="" ind2="">
   <subfield code="a">0025-5645</subfield>
  </datafield>
  <datafield tag="776" ind1="" ind2="">
   <subfield code="x">1881-1167</subfield>
  </datafield>
  <datafield tag="090" ind1="" ind2="">
   <subfield code="a">954925422132</subfield>
  </datafield>
  <datafield tag="866" ind1="" ind2="">
   <subfield code="a">Available from 1948 volume: 1 issue: 1 until 2005 volume: 57 issue: 4. </subfield>
   <subfield code="s">1000000000002132</subfield>
   <subfield code="t">1000000000001480</subfield>
   <subfield code="x">JST Journal@rchive:Full Text</subfield>
   <subfield code="z">1000000000646871</subfield>
  </datafield>
  <datafield tag="650" ind1="" ind2="4">
   <subfield code="a">Mathematics</subfield>
   <subfield code="x">Applied Mathematics</subfield>
  </datafield>
 </record>