
 <record>
  <leader>-----nas-a2200000z--4500</leader>
  <controlfield tag="008">121016uuuuuuuuuxx-uu-|------u|----|eng-d</controlfield>
  <datafield tag="010" ind1="" ind2="">
   <subfield code="a">   73644589 </subfield>
  </datafield>
  <datafield tag="245" ind1="" ind2="0">
   <subfield code="a">Chemistry Letters</subfield>
  </datafield>
  <datafield tag="210" ind1="" ind2="">
   <subfield code="a">CHEM LETT</subfield>
  </datafield>
  <datafield tag="260" ind1="" ind2="">
   <subfield code="a">[Tokyo]</subfield>
   <subfield code="b">Chemical Society of Japan</subfield>
  </datafield>
  <datafield tag="022" ind1="" ind2="">
   <subfield code="a">0366-7022</subfield>
  </datafield>
  <datafield tag="776" ind1="" ind2="">
   <subfield code="x">1348-0715</subfield>
  </datafield>
  <datafield tag="090" ind1="" ind2="">
   <subfield code="a">954925524760</subfield>
  </datafield>
  <datafield tag="866" ind1="" ind2="">
   <subfield code="a">Available from 1972 volume: 1 issue: 1 until 1988 volume: 17 issue: 12. </subfield>
   <subfield code="s">1000000000002132</subfield>
   <subfield code="t">1000000000001480</subfield>
   <subfield code="x">JST Journal@rchive:Full Text</subfield>
   <subfield code="z">1000000000646854</subfield>
  </datafield>
  <datafield tag="650" ind1="" ind2="4">
   <subfield code="a">Chemistry</subfield>
   <subfield code="x">General and Others</subfield>
  </datafield>
  <datafield tag="650" ind1="" ind2="4">
   <subfield code="a">Biology and Life Sciences</subfield>
   <subfield code="x">Biochemistry</subfield>
  </datafield>
 </record>