
 <record>
  <leader>-----nas-a2200000z--4500</leader>
  <controlfield tag="008">121016uuuuuuuuuxx-uu-|------u|----|jpn-d</controlfield>
  <datafield tag="245" ind1="" ind2="0">
   <subfield code="a">高分子論文集</subfield>
  </datafield>
  <datafield tag="246" ind1="" ind2="">
   <subfield code="a">JAPANESE JOURNAL OF POLYMER SCIENCE AND TECHNOLOGY</subfield>
  </datafield>
  <datafield tag="246" ind1="" ind2="">
   <subfield code="a">KOBUNSHI RONBUNSHU</subfield>
  </datafield>
  <datafield tag="246" ind1="" ind2="">
   <subfield code="a">KOBUNSHIROMBUNSHU</subfield>
  </datafield>
  <datafield tag="246" ind1="" ind2="">
   <subfield code="a">koubuNshiroNbuNshuu</subfield>
  </datafield>
  <datafield tag="260" ind1="" ind2="">
   <subfield code="a">[Tokyo]</subfield>
   <subfield code="b">高分子学会</subfield>
  </datafield>
  <datafield tag="022" ind1="" ind2="">
   <subfield code="a">0386-2186</subfield>
  </datafield>
  <datafield tag="776" ind1="" ind2="">
   <subfield code="x">1881-5685</subfield>
  </datafield>
  <datafield tag="090" ind1="" ind2="">
   <subfield code="a">954925528875</subfield>
  </datafield>
  <datafield tag="945" ind1="" ind2="">
   <subfield code="m">コウブンシロンブンシュウ</subfield>
   <subfield code="s">こ う ふ ん し ろ ん ふ ん し ゆ う</subfield>
  </datafield>
  <datafield tag="866" ind1="" ind2="">
   <subfield code="a">Available from 1974 volume: 31 issue: 1 until 2005 volume: 62 issue: 12. </subfield>
   <subfield code="s">1000000000002132</subfield>
   <subfield code="t">1000000000001480</subfield>
   <subfield code="x">JST Journal@rchive:Full Text</subfield>
   <subfield code="z">2550000000060819</subfield>
  </datafield>
 </record>