
 <record>
  <leader>-----nas-a2200000z--4500</leader>
  <controlfield tag="008">121016uuuuuuuuuxx-uu-|------u|----|eng-d</controlfield>
  <datafield tag="010" ind1="" ind2="">
   <subfield code="a">   78644653 </subfield>
  </datafield>
  <datafield tag="245" ind1="" ind2="0">
   <subfield code="a">Proceedings of the Japan Academy, Series B</subfield>
  </datafield>
  <datafield tag="210" ind1="" ind2="">
   <subfield code="a">PROC JPN ACAD SER B PHYS BIOL SCI</subfield>
  </datafield>
  <datafield tag="210" ind1="" ind2="">
   <subfield code="a">PROC JPN ACAD B</subfield>
  </datafield>
  <datafield tag="210" ind1="" ind2="">
   <subfield code="a">P JPN ACAD B PHYS</subfield>
  </datafield>
  <datafield tag="210" ind1="" ind2="">
   <subfield code="a">P JPN AC B</subfield>
  </datafield>
  <datafield tag="210" ind1="" ind2="">
   <subfield code="a">JAPAN ACADEMY PROCEEDINGS SERIES B PHYSICAL AND BIOLOGICAL SCIENCES</subfield>
  </datafield>
  <datafield tag="210" ind1="" ind2="">
   <subfield code="a">PROCEEDINGS OF THE JAPAN ACADEMY. SERIES B, PHYSICAL &amp; BIOLOGICAL SCIENCES</subfield>
  </datafield>
  <datafield tag="210" ind1="" ind2="">
   <subfield code="a">PROC. JPN. ACAD., SER. B, PHYS. BIOL. SCI</subfield>
  </datafield>
  <datafield tag="210" ind1="" ind2="">
   <subfield code="a">PROCEEDINGS OF THE JAPAN ACADEMY SERIES B</subfield>
  </datafield>
  <datafield tag="210" ind1="" ind2="">
   <subfield code="a">P JPN ACAD B-PHYS</subfield>
  </datafield>
  <datafield tag="260" ind1="" ind2="">
   <subfield code="a">Ueno Park, Tokyo,</subfield>
   <subfield code="b">Japan Academy.</subfield>
  </datafield>
  <datafield tag="022" ind1="" ind2="">
   <subfield code="a">0386-2208</subfield>
  </datafield>
  <datafield tag="776" ind1="" ind2="">
   <subfield code="x">1349-2896</subfield>
  </datafield>
  <datafield tag="090" ind1="" ind2="">
   <subfield code="a">954925528876</subfield>
  </datafield>
  <datafield tag="866" ind1="" ind2="">
   <subfield code="a">Available from 1977 volume: 53 issue: 1 until 2002 volume: 78 issue: 10. </subfield>
   <subfield code="s">1000000000002132</subfield>
   <subfield code="t">1000000000001480</subfield>
   <subfield code="x">JST Journal@rchive:Full Text</subfield>
   <subfield code="z">1000000001804282</subfield>
  </datafield>
  <datafield tag="650" ind1="" ind2="4">
   <subfield code="a">Chemistry</subfield>
   <subfield code="x">Biochemistry</subfield>
  </datafield>
  <datafield tag="650" ind1="" ind2="4">
   <subfield code="a">Biology and Life Sciences</subfield>
   <subfield code="x">Biophysics</subfield>
  </datafield>
  <datafield tag="650" ind1="" ind2="4">
   <subfield code="a">Biology and Life Sciences</subfield>
   <subfield code="x">Biology</subfield>
  </datafield>
  <datafield tag="650" ind1="" ind2="4">
   <subfield code="a">Biology and Life Sciences</subfield>
   <subfield code="x">Biochemistry</subfield>
  </datafield>
 </record>