
 <record>
  <leader>-----nas-a2200000z--4500</leader>
  <controlfield tag="008">121016uuuuuuuuuxx-uu-|------u|----|eng-d</controlfield>
  <datafield tag="010" ind1="" ind2="">
   <subfield code="a">sn 93038488 </subfield>
  </datafield>
  <datafield tag="245" ind1="" ind2="0">
   <subfield code="a">Hypertension research</subfield>
  </datafield>
  <datafield tag="210" ind1="" ind2="">
   <subfield code="a">HYPERTENS RES CLIN EXP</subfield>
  </datafield>
  <datafield tag="210" ind1="" ind2="">
   <subfield code="a">HYPERTENS RES CLIN E</subfield>
  </datafield>
  <datafield tag="210" ind1="" ind2="">
   <subfield code="a">HYPER RES C</subfield>
  </datafield>
  <datafield tag="210" ind1="" ind2="">
   <subfield code="a">HYPERTENSION RESEARCH CLINICAL AND EXPERIMENTAL</subfield>
  </datafield>
  <datafield tag="210" ind1="" ind2="">
   <subfield code="a">HYPERTENS RES</subfield>
  </datafield>
  <datafield tag="210" ind1="" ind2="">
   <subfield code="a">HYPERTENSION RESEARCH / JOURNAL OF ANTIBIOTICS</subfield>
  </datafield>
  <datafield tag="260" ind1="" ind2="">
   <subfield code="b">The Society</subfield>
  </datafield>
  <datafield tag="022" ind1="" ind2="">
   <subfield code="a">0916-9636</subfield>
  </datafield>
  <datafield tag="776" ind1="" ind2="">
   <subfield code="x">1348-4214</subfield>
  </datafield>
  <datafield tag="090" ind1="" ind2="">
   <subfield code="a">954925563648</subfield>
  </datafield>
  <datafield tag="866" ind1="" ind2="">
   <subfield code="a">Available from 1992 volume: 15 issue: 1 until 2000 volume: 23. </subfield>
   <subfield code="s">1000000000002132</subfield>
   <subfield code="t">1000000000001480</subfield>
   <subfield code="x">JST Journal@rchive:Full Text</subfield>
   <subfield code="z">1000000000646857</subfield>
  </datafield>
  <datafield tag="650" ind1="" ind2="4">
   <subfield code="a">Medicine and Health</subfield>
   <subfield code="x">Cardiology</subfield>
  </datafield>
  <datafield tag="650" ind1="" ind2="4">
   <subfield code="a">Medicine and Health</subfield>
   <subfield code="x">Medical Education, Training &amp; Research</subfield>
  </datafield>
  <datafield tag="650" ind1="" ind2="4">
   <subfield code="a">Medicine and Health</subfield>
   <subfield code="x">Hematology</subfield>
  </datafield>
  <datafield tag="650" ind1="" ind2="4">
   <subfield code="a">Medicine and Health</subfield>
   <subfield code="x">Diabetes and Hypertension</subfield>
  </datafield>
 </record>