
 <record>
  <leader>-----nas-a2200000z--4500</leader>
  <controlfield tag="008">121016uuuuuuuuuxx-uu-|------u|----|eng-d</controlfield>
  <datafield tag="245" ind1="" ind2="">
   <subfield code="a">JSME international journal. Ser. C, Dynamics, control, robotics, design and manufacturing</subfield>
  </datafield>
  <datafield tag="210" ind1="" ind2="">
   <subfield code="a">JSME INTERNATIONAL JOURNAL SERIES C MECHANICAL SYSTEMS MACHINE ELEMENTS AND MAN</subfield>
  </datafield>
  <datafield tag="210" ind1="" ind2="">
   <subfield code="a">JSME INTERNATIONAL JOURNAL SERIES C MECHANICAL SYSTEMS MACHINE ELEMENTS MANUFAC</subfield>
  </datafield>
  <datafield tag="210" ind1="" ind2="">
   <subfield code="a">JSME INTERNATIONAL JOURNAL. SER. C, DYNAMICS, CONTROL, ROBOTICS, DESIGN &amp; MANUFACTURING</subfield>
  </datafield>
  <datafield tag="210" ind1="" ind2="">
   <subfield code="a">JSME INTERNATIONAL JOURNAL, SERIES C</subfield>
  </datafield>
  <datafield tag="260" ind1="" ind2="">
   <subfield code="a">Tokyo</subfield>
   <subfield code="b">Japan Society of Mechanical Engineers</subfield>
  </datafield>
  <datafield tag="022" ind1="" ind2="">
   <subfield code="a">1340-8062</subfield>
  </datafield>
  <datafield tag="090" ind1="" ind2="">
   <subfield code="a">954925615042</subfield>
  </datafield>
  <datafield tag="866" ind1="" ind2="">
   <subfield code="a">Available from 1993 volume: 36 issue: 1 until 1997 volume: 40 issue: 1. </subfield>
   <subfield code="s">1000000000002132</subfield>
   <subfield code="t">1000000000001480</subfield>
   <subfield code="x">JST Journal@rchive:Full Text</subfield>
   <subfield code="z">1000000002071818</subfield>
  </datafield>
  <datafield tag="650" ind1="" ind2="4">
   <subfield code="a">Engineering</subfield>
   <subfield code="x">Mechanical Engineering</subfield>
  </datafield>
 </record>