
 <record>
  <leader>-----nas-a2200000z--4500</leader>
  <controlfield tag="008">121016uuuuuuuuuxx-uu-|------u|----|jpn-d</controlfield>
  <datafield tag="245" ind1="" ind2="0">
   <subfield code="a">遺伝学雑誌</subfield>
  </datafield>
  <datafield tag="246" ind1="" ind2="">
   <subfield code="a">JPN J GENET</subfield>
  </datafield>
  <datafield tag="246" ind1="" ind2="">
   <subfield code="a">JAP J GENET</subfield>
  </datafield>
  <datafield tag="260" ind1="" ind2="">
   <subfield code="a">三島</subfield>
   <subfield code="b">日本遺伝学会</subfield>
  </datafield>
  <datafield tag="022" ind1="" ind2="">
   <subfield code="a">0021-504X</subfield>
  </datafield>
  <datafield tag="776" ind1="" ind2="">
   <subfield code="x">1880-5787</subfield>
  </datafield>
  <datafield tag="090" ind1="" ind2="">
   <subfield code="a">954926945752</subfield>
  </datafield>
  <datafield tag="945" ind1="" ind2="">
   <subfield code="m">イデンガクザッシ</subfield>
   <subfield code="s">い て ん か く さ つ し</subfield>
  </datafield>
  <datafield tag="866" ind1="" ind2="">
   <subfield code="a">Available from 1921 volume: 1 issue: 1 until 1989 volume: 64 issue: 6. </subfield>
   <subfield code="s">1000000000002132</subfield>
   <subfield code="t">1000000000001480</subfield>
   <subfield code="x">JST Journal@rchive:Full Text</subfield>
   <subfield code="z">1000000000646889</subfield>
  </datafield>
  <datafield tag="650" ind1="" ind2="4">
   <subfield code="a">Biology and Life Sciences</subfield>
   <subfield code="x">Biology</subfield>
  </datafield>
 </record>