
 <record>
  <leader>-----nas-a2200000z--4500</leader>
  <controlfield tag="008">121016uuuuuuuuuxx-uu-|------u|----|eng-d</controlfield>
  <datafield tag="245" ind1="" ind2="0">
   <subfield code="a">Journal of geomagnetism and geoelectricity</subfield>
  </datafield>
  <datafield tag="210" ind1="" ind2="">
   <subfield code="a">J GEOMAGN GEOELECTR</subfield>
  </datafield>
  <datafield tag="210" ind1="" ind2="">
   <subfield code="a">J GEOMAGN G</subfield>
  </datafield>
  <datafield tag="260" ind1="" ind2="">
   <subfield code="a">Kyoto,</subfield>
   <subfield code="b">Society of Terrestrial Magnetism and Electricity of Japan [etc.]</subfield>
  </datafield>
  <datafield tag="022" ind1="" ind2="">
   <subfield code="a">0022-1392</subfield>
  </datafield>
  <datafield tag="776" ind1="" ind2="">
   <subfield code="x">2185-5765</subfield>
  </datafield>
  <datafield tag="090" ind1="" ind2="">
   <subfield code="a">954926946761</subfield>
  </datafield>
  <datafield tag="866" ind1="" ind2="">
   <subfield code="a">Available from 1949 volume: 1 issue: 1 until 1997 volume: 49. </subfield>
   <subfield code="s">1000000000002132</subfield>
   <subfield code="t">1000000000001480</subfield>
   <subfield code="x">JST Journal@rchive:Full Text</subfield>
   <subfield code="z">1000000002071829</subfield>
  </datafield>
  <datafield tag="650" ind1="" ind2="4">
   <subfield code="a">Physics and Astronomy</subfield>
   <subfield code="x">General and Others</subfield>
  </datafield>
 </record>