
 <record>
  <leader>-----nas-a2200000z--4500</leader>
  <controlfield tag="008">121016uuuuuuuuuxx-uu-|------u|----|eng-d</controlfield>
  <datafield tag="245" ind1="" ind2="0">
   <subfield code="a">Archivum histologicum Japonicum</subfield>
  </datafield>
  <datafield tag="210" ind1="" ind2="">
   <subfield code="a">ARCH HISTOL JPN</subfield>
  </datafield>
  <datafield tag="210" ind1="" ind2="">
   <subfield code="a">ARCHIVUM HISTOLOGICUM JAPONICUM NIPPON SOSHIKIGAKU KIROKU</subfield>
  </datafield>
  <datafield tag="210" ind1="" ind2="">
   <subfield code="a">ARCH HISTOL CYTOL</subfield>
  </datafield>
  <datafield tag="210" ind1="" ind2="">
   <subfield code="a">ARCH HISTOL JAPON</subfield>
  </datafield>
  <datafield tag="260" ind1="" ind2="">
   <subfield code="a">Niigata [etc.]</subfield>
   <subfield code="b">Japan Society of Histological Documentation.</subfield>
  </datafield>
  <datafield tag="022" ind1="" ind2="">
   <subfield code="a">0004-0681</subfield>
  </datafield>
  <datafield tag="090" ind1="" ind2="">
   <subfield code="a">954927522661</subfield>
  </datafield>
  <datafield tag="866" ind1="" ind2="">
   <subfield code="a">Available from 1950 volume: 1 issue: 1 until 1981 volume: 44 issue: 5. </subfield>
   <subfield code="s">1000000000002132</subfield>
   <subfield code="t">1000000000001480</subfield>
   <subfield code="x">JST Journal@rchive:Full Text</subfield>
   <subfield code="z">1000000002071906</subfield>
  </datafield>
  <datafield tag="650" ind1="" ind2="4">
   <subfield code="a">Biology and Life Sciences</subfield>
   <subfield code="x">Biology</subfield>
  </datafield>
 </record>