
 <record>
  <leader>-----nas-a2200000z--4500</leader>
  <controlfield tag="008">121016uuuuuuuuuxx-uu-|------u|----|jpn-d</controlfield>
  <datafield tag="245" ind1="" ind2="0">
   <subfield code="a">医療</subfield>
  </datafield>
  <datafield tag="246" ind1="" ind2="">
   <subfield code="a">IRYOU</subfield>
  </datafield>
  <datafield tag="246" ind1="" ind2="">
   <subfield code="a">IRYO</subfield>
  </datafield>
  <datafield tag="246" ind1="" ind2="">
   <subfield code="a">SAISEI IRYOU</subfield>
  </datafield>
  <datafield tag="246" ind1="" ind2="">
   <subfield code="a">COMPREHENSIVE MEDICINE ZENJINTEKI IRYO</subfield>
  </datafield>
  <datafield tag="246" ind1="" ind2="">
   <subfield code="a">TOYAMAKYUKYUUIRYOUGAKKAI</subfield>
  </datafield>
  <datafield tag="246" ind1="" ind2="">
   <subfield code="a">KANSAI KANGO IRYO DAIGAKU KIYO</subfield>
  </datafield>
  <datafield tag="260" ind1="" ind2="">
   <subfield code="a">東京</subfield>
   <subfield code="b">国立医療学会</subfield>
  </datafield>
  <datafield tag="022" ind1="" ind2="">
   <subfield code="a">0021-1699</subfield>
  </datafield>
  <datafield tag="776" ind1="" ind2="">
   <subfield code="x">1884-8729</subfield>
  </datafield>
  <datafield tag="090" ind1="" ind2="">
   <subfield code="a">954927543175</subfield>
  </datafield>
  <datafield tag="945" ind1="" ind2="">
   <subfield code="m">イリョウ</subfield>
   <subfield code="s">い り よ う</subfield>
  </datafield>
  <datafield tag="866" ind1="" ind2="">
   <subfield code="a">Available from 1946 volume: 1 issue: 1 until 2008 volume: 62. </subfield>
   <subfield code="s">1000000000002132</subfield>
   <subfield code="t">1000000000001480</subfield>
   <subfield code="x">JST Journal@rchive:Full Text</subfield>
   <subfield code="z">2670000000570039</subfield>
  </datafield>
 </record>