
 <record>
  <leader>-----nas-a2200000z--4500</leader>
  <controlfield tag="008">121016uuuuuuuuuxx-uu-|------u|----|eng-d</controlfield>
  <datafield tag="010" ind1="" ind2="">
   <subfield code="a">sn 92038248 </subfield>
  </datafield>
  <datafield tag="245" ind1="" ind2="0">
   <subfield code="a">Japanese journal of medicine</subfield>
  </datafield>
  <datafield tag="210" ind1="" ind2="">
   <subfield code="a">JPN J MED</subfield>
  </datafield>
  <datafield tag="260" ind1="" ind2="">
   <subfield code="a">Tokyo</subfield>
   <subfield code="b">Japanese Society of Internal Medicine.</subfield>
  </datafield>
  <datafield tag="022" ind1="" ind2="">
   <subfield code="a">0021-5120</subfield>
  </datafield>
  <datafield tag="776" ind1="" ind2="">
   <subfield code="x">1881-123X</subfield>
  </datafield>
  <datafield tag="090" ind1="" ind2="">
   <subfield code="a">954927544199</subfield>
  </datafield>
  <datafield tag="866" ind1="" ind2="">
   <subfield code="a">Available from 1961 volume: 1 issue: 1 until 1981 volume: 30 issue: 6. </subfield>
   <subfield code="s">1000000000002132</subfield>
   <subfield code="t">1000000000001480</subfield>
   <subfield code="x">JST Journal@rchive:Full Text</subfield>
   <subfield code="z">1000000000646862</subfield>
  </datafield>
  <datafield tag="650" ind1="" ind2="4">
   <subfield code="a">Medicine and Health</subfield>
   <subfield code="x">General and Others</subfield>
  </datafield>
 </record>