
 <record>
  <leader>-----nas-a2200000z--4500</leader>
  <controlfield tag="008">121016uuuuuuuuuxx-uu-|------u|----|eng-d</controlfield>
  <datafield tag="245" ind1="" ind2="4">
   <subfield code="a">The Keio Journal of Medicine</subfield>
  </datafield>
  <datafield tag="210" ind1="" ind2="">
   <subfield code="a">KEIO J MED</subfield>
  </datafield>
  <datafield tag="210" ind1="" ind2="">
   <subfield code="a">KEIO JOURNAL OF MEDICINE</subfield>
  </datafield>
  <datafield tag="210" ind1="" ind2="">
   <subfield code="a">KEIO JOURNAL OF MEDICINE [KEIO J MED] NLMUID</subfield>
  </datafield>
  <datafield tag="260" ind1="" ind2="">
   <subfield code="a">Tokyo,</subfield>
   <subfield code="b">School of Medicine, Keio University.</subfield>
  </datafield>
  <datafield tag="022" ind1="" ind2="">
   <subfield code="a">0022-9717</subfield>
  </datafield>
  <datafield tag="776" ind1="" ind2="">
   <subfield code="x">1880-1293</subfield>
  </datafield>
  <datafield tag="090" ind1="" ind2="">
   <subfield code="a">954927548288</subfield>
  </datafield>
  <datafield tag="866" ind1="" ind2="">
   <subfield code="a">Available from 1952 volume: 1 issue: 1 until 2003 volume: 52. </subfield>
   <subfield code="s">1000000000002132</subfield>
   <subfield code="t">1000000000001480</subfield>
   <subfield code="x">JST Journal@rchive:Full Text</subfield>
   <subfield code="z">1000000002071769</subfield>
  </datafield>
  <datafield tag="650" ind1="" ind2="4">
   <subfield code="a">Medicine and Health</subfield>
   <subfield code="x">General and Others</subfield>
  </datafield>
  <datafield tag="650" ind1="" ind2="4">
   <subfield code="a">Medicine and Health</subfield>
   <subfield code="x">Emergency Medicine and Critical Care</subfield>
  </datafield>
  <datafield tag="650" ind1="" ind2="4">
   <subfield code="a">Medicine and Health</subfield>
   <subfield code="x">Clinical Medicine</subfield>
  </datafield>
 </record>