
 <record>
  <leader>-----nas-a2200000z--4500</leader>
  <controlfield tag="008">121016uuuuuuuuuxx-uu-|------u|----|jpn-d</controlfield>
  <datafield tag="245" ind1="" ind2="">
   <subfield code="a">レプラ</subfield>
  </datafield>
  <datafield tag="246" ind1="" ind2="">
   <subfield code="a">REPURA</subfield>
  </datafield>
  <datafield tag="260" ind1="" ind2="">
   <subfield code="a">å¤§éª</subfield>
   <subfield code="b">大阪皮膚病研究所</subfield>
  </datafield>
  <datafield tag="022" ind1="" ind2="">
   <subfield code="a">0024-1008</subfield>
  </datafield>
  <datafield tag="090" ind1="" ind2="">
   <subfield code="a">954927550322</subfield>
  </datafield>
  <datafield tag="945" ind1="" ind2="">
   <subfield code="m">レプラ</subfield>
   <subfield code="s">れ ふ ら</subfield>
  </datafield>
  <datafield tag="866" ind1="" ind2="">
   <subfield code="a">Available from 1930 volume: 1 issue: 1 until 1976 volume: 45 issue: 4. </subfield>
   <subfield code="s">1000000000002132</subfield>
   <subfield code="t">1000000000001480</subfield>
   <subfield code="x">JST Journal@rchive:Full Text</subfield>
   <subfield code="z">1000000002071900</subfield>
  </datafield>
  <datafield tag="650" ind1="" ind2="4">
   <subfield code="a">Medicine and Health</subfield>
   <subfield code="x">Clinical Medicine</subfield>
  </datafield>
 </record>