
 <record>
  <leader>-----nas-a2200000z--4500</leader>
  <controlfield tag="008">121016uuuuuuuuuxx-uu-|------u|----|jpn-d</controlfield>
  <datafield tag="245" ind1="" ind2="">
   <subfield code="a">産業医学</subfield>
  </datafield>
  <datafield tag="210" ind1="" ind2="">
   <subfield code="a">社団法人　日本産業衛生学会</subfield>
  </datafield>
  <datafield tag="246" ind1="" ind2="">
   <subfield code="a">JOURNAL OF OCCUPATIONAL HEALTH</subfield>
  </datafield>
  <datafield tag="246" ind1="" ind2="">
   <subfield code="a">SANGYO IGAKU</subfield>
  </datafield>
  <datafield tag="246" ind1="" ind2="">
   <subfield code="a">JAPANESE JOURNAL OF INDUSTRIAL HEALTH</subfield>
  </datafield>
  <datafield tag="246" ind1="" ind2="">
   <subfield code="a">SANGYOUIGAKU</subfield>
  </datafield>
  <datafield tag="260" ind1="" ind2="">
   <subfield code="a">Tōkyō,</subfield>
   <subfield code="b">Nippon Sangyō Eisei Gakkai [etc.]</subfield>
  </datafield>
  <datafield tag="022" ind1="" ind2="">
   <subfield code="a">0047-1879</subfield>
  </datafield>
  <datafield tag="776" ind1="" ind2="">
   <subfield code="x">1881-1302</subfield>
  </datafield>
  <datafield tag="090" ind1="" ind2="">
   <subfield code="a">954927583149</subfield>
  </datafield>
  <datafield tag="945" ind1="" ind2="">
   <subfield code="m">サンギョウイガク</subfield>
   <subfield code="s">さ ん き よ う い か く</subfield>
  </datafield>
  <datafield tag="866" ind1="" ind2="">
   <subfield code="a">Available from 1959 volume: 1 issue: 1 until 1994 volume: 36 issue: 6. </subfield>
   <subfield code="s">1000000000002132</subfield>
   <subfield code="t">1000000000001480</subfield>
   <subfield code="x">JST Journal@rchive:Full Text</subfield>
   <subfield code="z">1000000000646884</subfield>
  </datafield>
 </record>