
 <record>
  <leader>-----nas-a2200000z--4500</leader>
  <controlfield tag="008">121016uuuuuuuuuxx-uu-|------u|----|jpn-d</controlfield>
  <datafield tag="245" ind1="" ind2="0">
   <subfield code="a">日本顎関節学会雑誌</subfield>
  </datafield>
  <datafield tag="246" ind1="" ind2="">
   <subfield code="a">NIPPONAGOKANSETSUGAKKAIZASSHI</subfield>
  </datafield>
  <datafield tag="246" ind1="" ind2="">
   <subfield code="a">NIHON AGOKANSETSU GAKKAIZASSHI</subfield>
  </datafield>
  <datafield tag="260" ind1="" ind2="">
   <subfield code="a">Nagoya</subfield>
   <subfield code="b">Nihon Gaku Kansetsu Gakkai</subfield>
  </datafield>
  <datafield tag="022" ind1="" ind2="">
   <subfield code="a">0915-3004</subfield>
  </datafield>
  <datafield tag="776" ind1="" ind2="">
   <subfield code="x">1884-4308</subfield>
  </datafield>
  <datafield tag="090" ind1="" ind2="">
   <subfield code="a">954927703114</subfield>
  </datafield>
  <datafield tag="945" ind1="" ind2="">
   <subfield code="m">ニホンアゴカンセツガッカイザッシ</subfield>
   <subfield code="s">に ほ ん あ こ か ん せ つ か つ か い さ つ し</subfield>
  </datafield>
  <datafield tag="866" ind1="" ind2="">
   <subfield code="a">Available from 1989 volume: 1 issue: 1 until 2008 volume: 20 issue: 3. </subfield>
   <subfield code="s">1000000000002132</subfield>
   <subfield code="t">1000000000001480</subfield>
   <subfield code="x">JST Journal@rchive:Full Text</subfield>
   <subfield code="z">2550000000060851</subfield>
  </datafield>
 </record>