
 <record>
  <leader>-----nas-a2200000z--4500</leader>
  <controlfield tag="008">121016uuuuuuuuuxx-uu-|------u|----|jpn-d</controlfield>
  <datafield tag="245" ind1="" ind2="0">
   <subfield code="a">植物学雑誌</subfield>
  </datafield>
  <datafield tag="246" ind1="" ind2="">
   <subfield code="a">BOTANICAL MAGAZINE</subfield>
  </datafield>
  <datafield tag="246" ind1="" ind2="">
   <subfield code="a">BOTANICAL MAGAZINE TOKYO</subfield>
  </datafield>
  <datafield tag="246" ind1="" ind2="">
   <subfield code="a">SHOKUBUTSUGAKUZASSHI</subfield>
  </datafield>
  <datafield tag="260" ind1="" ind2="">
   <subfield code="a">Tokyo</subfield>
   <subfield code="b">Tokyo Botanical Society</subfield>
  </datafield>
  <datafield tag="022" ind1="" ind2="">
   <subfield code="a">0006-808X</subfield>
  </datafield>
  <datafield tag="090" ind1="" ind2="">
   <subfield code="a">954928475128</subfield>
  </datafield>
  <datafield tag="945" ind1="" ind2="">
   <subfield code="m">ショクブツガクザッシ</subfield>
   <subfield code="s">し よ く ふ つ か く さ つ し</subfield>
  </datafield>
  <datafield tag="866" ind1="" ind2="">
   <subfield code="a">Available from 1887 volume: 1 issue: 1 until 1971 volume: 84 issue: 990. </subfield>
   <subfield code="s">1000000000002132</subfield>
   <subfield code="t">1000000000001480</subfield>
   <subfield code="x">JST Journal@rchive:Full Text</subfield>
   <subfield code="z">1000000000646885</subfield>
  </datafield>
  <datafield tag="650" ind1="" ind2="4">
   <subfield code="a">Biology and Life Sciences</subfield>
   <subfield code="x">Botany</subfield>
  </datafield>
 </record>