
 <record>
  <leader>-----nas-a2200000z--4500</leader>
  <controlfield tag="008">121016uuuuuuuuuxx-uu-|------u|----|jpn-d</controlfield>
  <datafield tag="245" ind1="" ind2="0">
   <subfield code="a">熱帯農業</subfield>
  </datafield>
  <datafield tag="246" ind1="" ind2="">
   <subfield code="a">NETTAINOUGYOU</subfield>
  </datafield>
  <datafield tag="260" ind1="" ind2="">
   <subfield code="a">東京</subfield>
   <subfield code="b">日本熱帯農業学会</subfield>
  </datafield>
  <datafield tag="022" ind1="" ind2="">
   <subfield code="a">0021-5260</subfield>
  </datafield>
  <datafield tag="776" ind1="" ind2="">
   <subfield code="x">2185-0259</subfield>
  </datafield>
  <datafield tag="090" ind1="" ind2="">
   <subfield code="a">954928490369</subfield>
  </datafield>
  <datafield tag="945" ind1="" ind2="">
   <subfield code="m">ネッタイノウギョウ</subfield>
   <subfield code="s">ね つ た い の う き よ う</subfield>
  </datafield>
  <datafield tag="866" ind1="" ind2="">
   <subfield code="a">Available from 1957 volume: 1 issue: 1 until 2007 volume: 51 issue: 5. </subfield>
   <subfield code="s">1000000000002132</subfield>
   <subfield code="t">1000000000001480</subfield>
   <subfield code="x">JST Journal@rchive:Full Text</subfield>
   <subfield code="z">2670000000140850</subfield>
  </datafield>
  <datafield tag="650" ind1="" ind2="4">
   <subfield code="a">Agriculture Sciences</subfield>
   <subfield code="x">Horticulture and Plant Culture (including Arboriculture)</subfield>
  </datafield>
 </record>