
 <record>
  <leader>-----nas-a2200000z--4500</leader>
  <controlfield tag="008">121016uuuuuuuuuxx-uu-|------u|----|eng-d</controlfield>
  <datafield tag="245" ind1="" ind2="0">
   <subfield code="a">Trends in Glycoscience and Glycotechnology</subfield>
  </datafield>
  <datafield tag="210" ind1="" ind2="">
   <subfield code="a">TRENDS GLYCOSCI GLYCOTECHNOL</subfield>
  </datafield>
  <datafield tag="210" ind1="" ind2="">
   <subfield code="a">TRENDS GLYCOSCI GLYC</subfield>
  </datafield>
  <datafield tag="210" ind1="" ind2="">
   <subfield code="a">TRENDS GLYC</subfield>
  </datafield>
  <datafield tag="260" ind1="" ind2="">
   <subfield code="a">Ibaraki-ken Kita-Sōma-gun Fujishiro-chō</subfield>
   <subfield code="b">FCCA</subfield>
  </datafield>
  <datafield tag="022" ind1="" ind2="">
   <subfield code="a">0915-7352</subfield>
  </datafield>
  <datafield tag="776" ind1="" ind2="">
   <subfield code="x">1883-2113</subfield>
  </datafield>
  <datafield tag="090" ind1="" ind2="">
   <subfield code="a">954928596046</subfield>
  </datafield>
  <datafield tag="866" ind1="" ind2="">
   <subfield code="a">Available from 1989 volume: 1 issue: 1 until 2006 volume: 18 issue: 104. </subfield>
   <subfield code="s">1000000000002132</subfield>
   <subfield code="t">1000000000001480</subfield>
   <subfield code="x">JST Journal@rchive:Full Text</subfield>
   <subfield code="z">3150000000000452</subfield>
  </datafield>
  <datafield tag="650" ind1="" ind2="4">
   <subfield code="a">Medicine and Health</subfield>
   <subfield code="x">Physiology</subfield>
  </datafield>
 </record>