
 <record>
  <leader>-----nas-a2200000z--4500</leader>
  <controlfield tag="008">121016uuuuuuuuuxx-uu-|------u|----|jpn-d</controlfield>
  <datafield tag="245" ind1="" ind2="0">
   <subfield code="a">電気学会論文誌Ｂ（電力・エネルギー部門誌）</subfield>
  </datafield>
  <datafield tag="246" ind1="" ind2="">
   <subfield code="a">DENKI GAKKAI RONBUNSHI B DENRYOKU ENERUGI BUMONSHI</subfield>
  </datafield>
  <datafield tag="246" ind1="" ind2="">
   <subfield code="a">TRANSACTIONS OF THE INSTITUTE OF ELECTRICAL ENGINEERS OF JAPAN PART B</subfield>
  </datafield>
  <datafield tag="246" ind1="" ind2="">
   <subfield code="a">DENKI GAKKAI RONBUNSHI. B, ENERUGIÌ, DENKI KIKI, DENRYOKU</subfield>
  </datafield>
  <datafield tag="246" ind1="" ind2="">
   <subfield code="a">IEEJ TRANSACTIONS ON POWER AND ENERGY</subfield>
  </datafield>
  <datafield tag="210" ind1="" ind2="">
   <subfield code="a">電気学会論文誌. B</subfield>
  </datafield>
  <datafield tag="260" ind1="" ind2="">
   <subfield code="a">Tōkyō</subfield>
   <subfield code="b">社団法人 電気学会</subfield>
  </datafield>
  <datafield tag="022" ind1="" ind2="">
   <subfield code="a">0385-4213</subfield>
  </datafield>
  <datafield tag="776" ind1="" ind2="">
   <subfield code="x">1348-8147</subfield>
  </datafield>
  <datafield tag="090" ind1="" ind2="">
   <subfield code="a">958480170465</subfield>
  </datafield>
  <datafield tag="945" ind1="" ind2="">
   <subfield code="m">デンキガッカイロンブンシBデンリョクエネルギーブモンシ</subfield>
   <subfield code="s">て ん き か つ か い ろ ん ふ ん し B て ん り よ く え ね る き い ふ も ん し</subfield>
  </datafield>
  <datafield tag="866" ind1="" ind2="">
   <subfield code="a">Available from 1972 volume: 92 issue: 1 until 1989 volume: 109 issue: 12. </subfield>
   <subfield code="s">1000000000002132</subfield>
   <subfield code="t">1000000000001480</subfield>
   <subfield code="x">JST Journal@rchive:Full Text</subfield>
   <subfield code="z">1000000002071848</subfield>
  </datafield>
  <datafield tag="866" ind1="" ind2="">
   <subfield code="a">Available from 1990 volume: 110 issue: 1 until 2002 volume: 122 issue: 12. </subfield>
   <subfield code="s">1000000000002132</subfield>
   <subfield code="t">1000000000001480</subfield>
   <subfield code="x">JST Journal@rchive:Full Text</subfield>
   <subfield code="z">1000000002071805</subfield>
  </datafield>
  <datafield tag="650" ind1="" ind2="4">
   <subfield code="a">Engineering</subfield>
   <subfield code="x">Electrical Engineering</subfield>
  </datafield>
  <datafield tag="650" ind1="" ind2="4">
   <subfield code="a">Engineering</subfield>
   <subfield code="x">General and Others</subfield>
  </datafield>
  <datafield tag="650" ind1="" ind2="4">
   <subfield code="a">Physics and Astronomy</subfield>
   <subfield code="x">Energy</subfield>
  </datafield>
 </record>