
 <record>
  <leader>-----nas-a2200000z--4500</leader>
  <controlfield tag="008">121016uuuuuuuuuxx-uu-|------u|----|jpn-d</controlfield>
  <datafield tag="245" ind1="" ind2="0">
   <subfield code="a">電気学会論文誌. A, 基礎・材料・共通部門誌</subfield>
  </datafield>
  <datafield tag="246" ind1="" ind2="">
   <subfield code="a">DENKI GAKKAI RONBUNSHI A KISO ZAIRYO KYOTSU BUMONSHI</subfield>
  </datafield>
  <datafield tag="246" ind1="" ind2="">
   <subfield code="a">TRANSACTIONS OF THE INSTITUTE OF ELECTRICAL ENGINEERS OF JAPAN PART A</subfield>
  </datafield>
  <datafield tag="246" ind1="" ind2="">
   <subfield code="a">DENKI GAKKAI RONBUNSHI. A, KISO ZAIRYOÌ</subfield>
  </datafield>
  <datafield tag="246" ind1="" ind2="">
   <subfield code="a">IEEJ TRANSACTIONS ON FUNDAMENTALS AND MATERIALS</subfield>
  </datafield>
  <datafield tag="210" ind1="" ind2="">
   <subfield code="a">電気学会論文誌. A</subfield>
  </datafield>
  <datafield tag="246" ind1="" ind2="">
   <subfield code="a">DENKIGAKKAIRONBUNSHI. A</subfield>
  </datafield>
  <datafield tag="246" ind1="" ind2="">
   <subfield code="a">DENKIGAKKAIRONBUNSHI. A, KISO・ZAIRYOU・KYOUTSUUBUMONSHI</subfield>
  </datafield>
  <datafield tag="260" ind1="" ind2="">
   <subfield code="a">Tōkyō</subfield>
   <subfield code="b">社団法人 電気学会</subfield>
  </datafield>
  <datafield tag="022" ind1="" ind2="">
   <subfield code="a">0385-4205</subfield>
  </datafield>
  <datafield tag="776" ind1="" ind2="">
   <subfield code="x">1347-5533</subfield>
  </datafield>
  <datafield tag="090" ind1="" ind2="">
   <subfield code="a">958480170477</subfield>
  </datafield>
  <datafield tag="945" ind1="" ind2="">
   <subfield code="m">デンキガッカイロンブンシAキソザイリョウキョウツウブモンシ</subfield>
   <subfield code="s">て ん き か つ か い ろ ん ふ ん し A き そ さ い り よ う き よ う つ う ふ も ん し</subfield>
  </datafield>
  <datafield tag="866" ind1="" ind2="">
   <subfield code="a">Available from 1972 volume: 92 issue: 1 until 1989 volume: 109 issue: 12. </subfield>
   <subfield code="s">1000000000002132</subfield>
   <subfield code="t">1000000000001480</subfield>
   <subfield code="x">JST Journal@rchive:Full Text</subfield>
   <subfield code="z">1000000002071847</subfield>
  </datafield>
  <datafield tag="866" ind1="" ind2="">
   <subfield code="a">Available from 1990 volume: 110 issue: 1 until 2001 volume: 121 issue: 12. </subfield>
   <subfield code="s">1000000000002132</subfield>
   <subfield code="t">1000000000001480</subfield>
   <subfield code="x">JST Journal@rchive:Full Text</subfield>
   <subfield code="z">1000000002071806</subfield>
  </datafield>
  <datafield tag="650" ind1="" ind2="4">
   <subfield code="a">Engineering</subfield>
   <subfield code="x">Electrical Engineering</subfield>
  </datafield>
  <datafield tag="650" ind1="" ind2="4">
   <subfield code="a">Materials Science, Biomaterials and Metallurgy</subfield>
   <subfield code="x">Biomaterials</subfield>
  </datafield>
  <datafield tag="650" ind1="" ind2="4">
   <subfield code="a">Materials Science, Biomaterials and Metallurgy</subfield>
   <subfield code="x">Metals, Minerals, Ores &amp; Alloys</subfield>
  </datafield>
  <datafield tag="650" ind1="" ind2="4">
   <subfield code="a">Materials Science, Biomaterials and Metallurgy</subfield>
   <subfield code="x">Composites</subfield>
  </datafield>
  <datafield tag="650" ind1="" ind2="4">
   <subfield code="a">Materials Science, Biomaterials and Metallurgy</subfield>
   <subfield code="x">Ceramics</subfield>
  </datafield>
 </record>