
 <record>
  <leader>-----nas-a2200000z--4500</leader>
  <controlfield tag="008">121016uuuuuuuuuxx-uu-|------u|----|jpn-d</controlfield>
  <datafield tag="245" ind1="" ind2="">
   <subfield code="a">計測自動制御学会論文集</subfield>
  </datafield>
  <datafield tag="246" ind1="" ind2="">
   <subfield code="a">TRANSACTIONS OF THE SOCIETY OF INSTRUMENT AND CONTROL ENGINEERS</subfield>
  </datafield>
  <datafield tag="246" ind1="" ind2="">
   <subfield code="a">KEISOKU JIDO SEIGYO GAKKAI RONBUNSHU</subfield>
  </datafield>
  <datafield tag="260" ind1="" ind2="">
   <subfield code="a">Tōkyō-to</subfield>
   <subfield code="b">Dō Gakkai</subfield>
  </datafield>
  <datafield tag="022" ind1="" ind2="">
   <subfield code="a">0453-4654</subfield>
  </datafield>
  <datafield tag="776" ind1="" ind2="">
   <subfield code="x">1883-8189</subfield>
  </datafield>
  <datafield tag="090" ind1="" ind2="">
   <subfield code="a">958480239311</subfield>
  </datafield>
  <datafield tag="945" ind1="" ind2="">
   <subfield code="m">ケイソクジドウセイギョガッカイロンブンシュウ</subfield>
   <subfield code="s">け い そ く し と う せ い き よ か つ か い ろ ん ふ ん し ゆ う</subfield>
  </datafield>
  <datafield tag="866" ind1="" ind2="">
   <subfield code="a">Available from 1965 volume: 1 issue: 1 until 2006 volume: 42 issue: 12. </subfield>
   <subfield code="s">1000000000002132</subfield>
   <subfield code="t">1000000000001480</subfield>
   <subfield code="x">JST Journal@rchive:Full Text</subfield>
   <subfield code="z">1000000002071889</subfield>
  </datafield>
  <datafield tag="650" ind1="" ind2="4">
   <subfield code="a">Engineering</subfield>
   <subfield code="x">Mechanical Engineering</subfield>
  </datafield>
 </record>