
 <record>
  <leader>-----nas-a2200000z--4500</leader>
  <controlfield tag="008">121016uuuuuuuuuxx-uu-|------u|----|jpn-d</controlfield>
  <datafield tag="245" ind1="" ind2="">
   <subfield code="a">応用物理</subfield>
  </datafield>
  <datafield tag="246" ind1="" ind2="">
   <subfield code="a">OYO BUTSURI</subfield>
  </datafield>
  <datafield tag="246" ind1="" ind2="">
   <subfield code="a">OYO BUTURI</subfield>
  </datafield>
  <datafield tag="260" ind1="" ind2="">
   <subfield code="a">Tōkyō</subfield>
   <subfield code="b">Ōyō Butsuri Danwakai</subfield>
  </datafield>
  <datafield tag="022" ind1="" ind2="">
   <subfield code="a">0369-8009</subfield>
  </datafield>
  <datafield tag="090" ind1="" ind2="">
   <subfield code="a">958480240331</subfield>
  </datafield>
  <datafield tag="945" ind1="" ind2="">
   <subfield code="m">オウヨウブツリ</subfield>
   <subfield code="s">お う よ う ふ つ り</subfield>
  </datafield>
  <datafield tag="866" ind1="" ind2="">
   <subfield code="a">Available from 1932 volume: 1 issue: 1 until 2002 volume: 71 issue: 12. </subfield>
   <subfield code="s">1000000000002132</subfield>
   <subfield code="t">1000000000001480</subfield>
   <subfield code="x">JST Journal@rchive:Full Text</subfield>
   <subfield code="z">1000000002071784</subfield>
  </datafield>
  <datafield tag="650" ind1="" ind2="4">
   <subfield code="a">Physics and Astronomy</subfield>
   <subfield code="x">General and Others</subfield>
  </datafield>
 </record>