
 <record>
  <leader>-----nas-a2200000z--4500</leader>
  <controlfield tag="008">121016uuuuuuuuuxx-uu-|------u|----|jpn-d</controlfield>
  <datafield tag="245" ind1="" ind2="0">
   <subfield code="a">材料</subfield>
  </datafield>
  <datafield tag="246" ind1="" ind2="">
   <subfield code="a">ZAIRYO</subfield>
  </datafield>
  <datafield tag="246" ind1="" ind2="">
   <subfield code="a">JOURNAL OF THE SOCIETY OF MATERIALS SCIENCE, JAPAN</subfield>
  </datafield>
  <datafield tag="246" ind1="" ind2="">
   <subfield code="a">ZAIRYOU</subfield>
  </datafield>
  <datafield tag="246" ind1="" ind2="">
   <subfield code="a">NIHON KENCHIKU GAKKAI KINKI SHIBU KENKYU OKOKUSHU KOZO ZAIRYO SHIKO</subfield>
  </datafield>
  <datafield tag="246" ind1="" ind2="">
   <subfield code="a">MM ZAIRYO RIKIGAKU KANFARENSU</subfield>
  </datafield>
  <datafield tag="260" ind1="" ind2="">
   <subfield code="a">Kyoto</subfield>
   <subfield code="b">日本材料学会</subfield>
  </datafield>
  <datafield tag="022" ind1="" ind2="">
   <subfield code="a">0514-5163</subfield>
  </datafield>
  <datafield tag="776" ind1="" ind2="">
   <subfield code="x">1880-7488</subfield>
  </datafield>
  <datafield tag="090" ind1="" ind2="">
   <subfield code="a">958480240340</subfield>
  </datafield>
  <datafield tag="945" ind1="" ind2="">
   <subfield code="m">MMザイリョウリキガクカンファレンス</subfield>
   <subfield code="s">MM さ い り よ う り き か く か ん ふ あ れ ん す</subfield>
  </datafield>
  <datafield tag="866" ind1="" ind2="">
   <subfield code="a">Available from 1963 volume: 12 issue: 112 until 2004 volume: 53. </subfield>
   <subfield code="s">1000000000002132</subfield>
   <subfield code="t">1000000000001480</subfield>
   <subfield code="x">JST Journal@rchive:Full Text</subfield>
   <subfield code="z">1000000002071753</subfield>
  </datafield>
  <datafield tag="650" ind1="" ind2="4">
   <subfield code="a">Engineering</subfield>
   <subfield code="x">Civil Engineering</subfield>
  </datafield>
 </record>