
 <record>
  <leader>-----nas-a2200000z--4500</leader>
  <controlfield tag="008">121016uuuuuuuuuxx-uu-|------u|----|jpn-d</controlfield>
  <datafield tag="245" ind1="" ind2="0">
   <subfield code="a">人間工学</subfield>
  </datafield>
  <datafield tag="246" ind1="" ind2="">
   <subfield code="a">NINGEN KOGAKU</subfield>
  </datafield>
  <datafield tag="260" ind1="" ind2="">
   <subfield code="b">Japan Ergonomics Society</subfield>
  </datafield>
  <datafield tag="022" ind1="" ind2="">
   <subfield code="a">0549-4974</subfield>
  </datafield>
  <datafield tag="776" ind1="" ind2="">
   <subfield code="x">1884-2844</subfield>
  </datafield>
  <datafield tag="090" ind1="" ind2="">
   <subfield code="a">958480240349</subfield>
  </datafield>
  <datafield tag="945" ind1="" ind2="">
   <subfield code="m">ニンゲンコウガク</subfield>
   <subfield code="s">に ん け ん こ う か く</subfield>
  </datafield>
  <datafield tag="866" ind1="" ind2="">
   <subfield code="a">Available from 1965 volume: 1 issue: 1 until 2008 volume: 44. </subfield>
   <subfield code="s">1000000000002132</subfield>
   <subfield code="t">1000000000001480</subfield>
   <subfield code="x">JST Journal@rchive:Full Text</subfield>
   <subfield code="z">3150000000000324</subfield>
  </datafield>
 </record>