
 <record>
  <leader>-----nas-a2200000z--4500</leader>
  <controlfield tag="008">121016uuuuuuuuuxx-uu-|------u|----|jpn-d</controlfield>
  <datafield tag="245" ind1="" ind2="">
   <subfield code="a">Journal of The Surface Finishing Society of Japan</subfield>
  </datafield>
  <datafield tag="246" ind1="" ind2="">
   <subfield code="a">HYOMEN GIJUTSUJOURNAL OF THE SURFACE FINISHING SOCIETY OF JAPAN</subfield>
  </datafield>
  <datafield tag="246" ind1="" ind2="">
   <subfield code="a">HYOMEN GIJUTSU  J SURF FINISH SOC JPN</subfield>
  </datafield>
  <datafield tag="246" ind1="" ind2="">
   <subfield code="a">HYOÌMEN GIJUTSU</subfield>
  </datafield>
  <datafield tag="246" ind1="" ind2="">
   <subfield code="a">JOURNAL OF THE SURFACE FINISHING SOCIETY OF JAPAN</subfield>
  </datafield>
  <datafield tag="260" ind1="" ind2="">
   <subfield code="a">Chiyoda-ku Kanda Iwamoto-cho</subfield>
   <subfield code="b">社団法人表面技術協会</subfield>
  </datafield>
  <datafield tag="022" ind1="" ind2="">
   <subfield code="a">0915-1869</subfield>
  </datafield>
  <datafield tag="090" ind1="" ind2="">
   <subfield code="a">958480244434</subfield>
  </datafield>
  <datafield tag="945" ind1="" ind2="">
   <subfield code="m">ヒョウメンギジュツ</subfield>
   <subfield code="s">ひ よ う め ん き し ゆ つ</subfield>
  </datafield>
  <datafield tag="866" ind1="" ind2="">
   <subfield code="a">Available from 1989 volume: 40 issue: 1 until 2002 volume: 53 issue: 12. </subfield>
   <subfield code="s">1000000000002132</subfield>
   <subfield code="t">1000000000001480</subfield>
   <subfield code="x">JST Journal@rchive:Full Text</subfield>
   <subfield code="z">3150000000000325</subfield>
  </datafield>
  <datafield tag="650" ind1="" ind2="4">
   <subfield code="a">Engineering</subfield>
   <subfield code="x">Chemical Engineering</subfield>
  </datafield>
  <datafield tag="650" ind1="" ind2="4">
   <subfield code="a">Chemistry</subfield>
   <subfield code="x">Chemical Engineering</subfield>
  </datafield>
 </record>