
 <record>
  <leader>-----nas-a2200000z--4500</leader>
  <controlfield tag="008">121016uuuuuuuuuxx-uu-|------u|----|jpn-d</controlfield>
  <datafield tag="245" ind1="" ind2="0">
   <subfield code="a">海の研究</subfield>
  </datafield>
  <datafield tag="246" ind1="" ind2="">
   <subfield code="a">JOURNAL OF OCEANOGRAPHY</subfield>
  </datafield>
  <datafield tag="246" ind1="" ind2="">
   <subfield code="a">UMI NO KENKYU (OCEANOGRAPHY IN JAPAN)</subfield>
  </datafield>
  <datafield tag="246" ind1="" ind2="">
   <subfield code="a">OCEANOGRAPHY IN JAPAN</subfield>
  </datafield>
  <datafield tag="260" ind1="" ind2="">
   <subfield code="b">日本海洋学会</subfield>
  </datafield>
  <datafield tag="022" ind1="" ind2="">
   <subfield code="a">0916-8362</subfield>
  </datafield>
  <datafield tag="090" ind1="" ind2="">
   <subfield code="a">110975506071105</subfield>
  </datafield>
  <datafield tag="945" ind1="" ind2="">
   <subfield code="m">ウミノケンキュウ</subfield>
   <subfield code="s">う み の け ん き ゆ う</subfield>
  </datafield>
  <datafield tag="866" ind1="" ind2="">
   <subfield code="a">Available from 1992 volume: 1 issue: 2 until 2005 volume: 14 issue: 6. </subfield>
   <subfield code="s">1000000000002132</subfield>
   <subfield code="t">1000000000001480</subfield>
   <subfield code="x">JST Journal@rchive:Full Text</subfield>
   <subfield code="z">1000000002071210</subfield>
  </datafield>
 </record>