
 <record>
  <leader>-----nas-a2200000z--4500</leader>
  <controlfield tag="008">121016uuuuuuuuuxx-uu-|------u|----|jpn-d</controlfield>
  <datafield tag="245" ind1="" ind2="0">
   <subfield code="a">日本気管食道科学会会報</subfield>
  </datafield>
  <datafield tag="246" ind1="" ind2="">
   <subfield code="a">NIHON KIKAN SHOKUDOKA GAKKAI KAIHO</subfield>
  </datafield>
  <datafield tag="246" ind1="" ind2="">
   <subfield code="a">NIHON KIKAN SHOKUDO KAGAKUKAI KAIHO</subfield>
  </datafield>
  <datafield tag="246" ind1="" ind2="">
   <subfield code="a">NIPPONKIKANSHOKUDOKAGAKKAIKAIHO</subfield>
  </datafield>
  <datafield tag="246" ind1="" ind2="">
   <subfield code="a">nippoNkikaNshokudoukagakkaikaihou</subfield>
  </datafield>
  <datafield tag="260" ind1="" ind2="">
   <subfield code="b">特定非営利活動法人　日本気管食道科学会</subfield>
  </datafield>
  <datafield tag="022" ind1="" ind2="">
   <subfield code="a">0029-0645</subfield>
  </datafield>
  <datafield tag="776" ind1="" ind2="">
   <subfield code="x">1880-6848</subfield>
  </datafield>
  <datafield tag="090" ind1="" ind2="">
   <subfield code="a">110978966548924</subfield>
  </datafield>
  <datafield tag="945" ind1="" ind2="">
   <subfield code="m">ニホンキカンショクドウカガッカイカイホウ</subfield>
   <subfield code="s">に ほ ん き か ん し よ く と う か か つ か い か い ほ う</subfield>
  </datafield>
  <datafield tag="866" ind1="" ind2="">
   <subfield code="a">Available from 1950 volume: 1 issue: 1 until 1999 volume: 50 issue: 6. </subfield>
   <subfield code="s">1000000000002132</subfield>
   <subfield code="t">1000000000001480</subfield>
   <subfield code="x">JST Journal@rchive:Full Text</subfield>
   <subfield code="z">2550000000060795</subfield>
  </datafield>
 </record>