
 <record>
  <leader>-----nas-a2200000z--4500</leader>
  <controlfield tag="008">121016uuuuuuuuuxx-uu-|------u|----|jpn-d</controlfield>
  <datafield tag="245" ind1="" ind2="0">
   <subfield code="a">Japanese Journal of Tropical Medicine and Hygiene</subfield>
  </datafield>
  <datafield tag="246" ind1="" ind2="">
   <subfield code="a">JAPANESE JOURNAL OF TROPICAL MEDICINE AND HYGIENE</subfield>
  </datafield>
  <datafield tag="260" ind1="" ind2="">
   <subfield code="a">長崎</subfield>
   <subfield code="b">日本熱帯医学会</subfield>
  </datafield>
  <datafield tag="022" ind1="" ind2="">
   <subfield code="a">0304-2146</subfield>
  </datafield>
  <datafield tag="776" ind1="" ind2="">
   <subfield code="x">2186-1811</subfield>
  </datafield>
  <datafield tag="090" ind1="" ind2="">
   <subfield code="a">110978966557604</subfield>
  </datafield>
  <datafield tag="945" ind1="" ind2="">
   <subfield code="m">ニホンネッタイイガッカイザッシ</subfield>
   <subfield code="s">に ほ ん ね つ た い い か つ か い さ つ し</subfield>
  </datafield>
  <datafield tag="866" ind1="" ind2="">
   <subfield code="a">Available from 1973 volume: 1 issue: 1 until 2003 volume: 31 issue: 4. </subfield>
   <subfield code="s">1000000000002132</subfield>
   <subfield code="t">1000000000001480</subfield>
   <subfield code="x">JST Journal@rchive:Full Text</subfield>
   <subfield code="z">2670000000327638</subfield>
  </datafield>
  <datafield tag="650" ind1="" ind2="4">
   <subfield code="a">Medicine and Health</subfield>
   <subfield code="x">Clinical Medicine</subfield>
  </datafield>
 </record>