
 <record>
  <leader>-----nas-a2200000z--4500</leader>
  <controlfield tag="008">121016uuuuuuuuuxx-uu-|------u|----|jpn-d</controlfield>
  <datafield tag="245" ind1="" ind2="0">
   <subfield code="a">皮膚</subfield>
  </datafield>
  <datafield tag="246" ind1="" ind2="">
   <subfield code="a">HIFU</subfield>
  </datafield>
  <datafield tag="260" ind1="" ind2="">
   <subfield code="a">Osaka</subfield>
   <subfield code="b">Nihon Hifuka Gakkai. Osaka Chihōkai</subfield>
  </datafield>
  <datafield tag="022" ind1="" ind2="">
   <subfield code="a">0018-1390</subfield>
  </datafield>
  <datafield tag="776" ind1="" ind2="">
   <subfield code="x">1884-541X</subfield>
  </datafield>
  <datafield tag="090" ind1="" ind2="">
   <subfield code="a">110978976776677</subfield>
  </datafield>
  <datafield tag="945" ind1="" ind2="">
   <subfield code="m">ヒフ</subfield>
   <subfield code="s">ひ ふ</subfield>
  </datafield>
  <datafield tag="866" ind1="" ind2="">
   <subfield code="a">Available from 1959 volume: 1 issue: 1 until 2001 volume: 43 issue: 6. </subfield>
   <subfield code="s">1000000000002132</subfield>
   <subfield code="t">1000000000001480</subfield>
   <subfield code="x">JST Journal@rchive:Full Text</subfield>
   <subfield code="z">2550000000060788</subfield>
  </datafield>
 </record>