
 <record>
  <leader>-----nas-a2200000z--4500</leader>
  <controlfield tag="008">121016uuuuuuuuuxx-uu-|------u|----|jpn-d</controlfield>
  <datafield tag="245" ind1="" ind2="0">
   <subfield code="a">印度學佛教學研究</subfield>
  </datafield>
  <datafield tag="246" ind1="" ind2="">
   <subfield code="a">JOURNAL OF INDIAN AND BUDDHIST STUDIES</subfield>
  </datafield>
  <datafield tag="246" ind1="" ind2="">
   <subfield code="a">INDOGAKUHOTOKEKYOUMANABUKENKYUU</subfield>
  </datafield>
  <datafield tag="246" ind1="" ind2="">
   <subfield code="a">INDOGAKUHOTOKEKYOUGAKUKENKYUU</subfield>
  </datafield>
  <datafield tag="246" ind1="" ind2="">
   <subfield code="a">INDOMANABUHOTOKEKYOUMANABUKENKYUU</subfield>
  </datafield>
  <datafield tag="260" ind1="" ind2="">
   <subfield code="a">Tōkyō-to</subfield>
   <subfield code="b">Nihon Indogaku Bukkyō Gakkai</subfield>
  </datafield>
  <datafield tag="022" ind1="" ind2="">
   <subfield code="a">0019-4344</subfield>
  </datafield>
  <datafield tag="776" ind1="" ind2="">
   <subfield code="x">1884-0051</subfield>
  </datafield>
  <datafield tag="090" ind1="" ind2="">
   <subfield code="a">110978976776883</subfield>
  </datafield>
  <datafield tag="945" ind1="" ind2="">
   <subfield code="m">インドガクブッキョウガクケンキュウ</subfield>
   <subfield code="s">い ん と か く ふ つ き よ う か く け ん き ゆ う</subfield>
  </datafield>
  <datafield tag="866" ind1="" ind2="">
   <subfield code="a">Available from 1952 volume: 1 issue: 1 until 2007 volume: 55 issue: 2. </subfield>
   <subfield code="s">1000000000002132</subfield>
   <subfield code="t">1000000000001480</subfield>
   <subfield code="x">JST Journal@rchive:Full Text</subfield>
   <subfield code="z">2670000000150647</subfield>
  </datafield>
  <datafield tag="650" ind1="" ind2="4">
   <subfield code="a">Arts and Humanities</subfield>
   <subfield code="x">Theology and Religion</subfield>
  </datafield>
 </record>