
 <record>
  <leader>-----nas-a2200000z--4500</leader>
  <controlfield tag="008">121016uuuuuuuuuxx-uu-|------u|----|jpn-d</controlfield>
  <datafield tag="245" ind1="" ind2="">
   <subfield code="a">糖尿病</subfield>
  </datafield>
  <datafield tag="246" ind1="" ind2="">
   <subfield code="a">J JPN DIABETES SOC</subfield>
  </datafield>
  <datafield tag="246" ind1="" ind2="">
   <subfield code="a">tonobyo kea</subfield>
  </datafield>
  <datafield tag="246" ind1="" ind2="">
   <subfield code="a">TOUNYOUBYOU</subfield>
  </datafield>
  <datafield tag="246" ind1="" ind2="">
   <subfield code="a">NIHON TOUNYOUBYOU KYOUIKU KANGO GAKKAISHI</subfield>
  </datafield>
  <datafield tag="260" ind1="" ind2="">
   <subfield code="a">東京</subfield>
   <subfield code="b">日本糖尿病学会</subfield>
  </datafield>
  <datafield tag="022" ind1="" ind2="">
   <subfield code="a">0021-437X</subfield>
  </datafield>
  <datafield tag="776" ind1="" ind2="">
   <subfield code="x">1881-588X</subfield>
  </datafield>
  <datafield tag="090" ind1="" ind2="">
   <subfield code="a">110978976777517</subfield>
  </datafield>
  <datafield tag="945" ind1="" ind2="">
   <subfield code="m">ニホントウニョウビョウキョウイクカンゴガッカイシ</subfield>
   <subfield code="s">に ほ ん と う に よ う ひ よ う き よ う い く か ん こ か つ か い し</subfield>
  </datafield>
  <datafield tag="866" ind1="" ind2="">
   <subfield code="a">Available from 1963 volume: 6 issue: 1 until 2004 volume: 47. </subfield>
   <subfield code="s">1000000000002132</subfield>
   <subfield code="t">1000000000001480</subfield>
   <subfield code="x">JST Journal@rchive:Full Text</subfield>
   <subfield code="z">2670000000290526</subfield>
  </datafield>
 </record>