
 <record>
  <leader>-----nas-a2200000z--4500</leader>
  <controlfield tag="008">121016uuuuuuuuuxx-uu-|------u|----|jpn-d</controlfield>
  <datafield tag="245" ind1="" ind2="0">
   <subfield code="a">Kitakanto Medical Journal</subfield>
  </datafield>
  <datafield tag="260" ind1="" ind2="">
   <subfield code="a">前橋</subfield>
   <subfield code="b">北関東医学会</subfield>
  </datafield>
  <datafield tag="022" ind1="" ind2="">
   <subfield code="a">0023-1908</subfield>
  </datafield>
  <datafield tag="776" ind1="" ind2="">
   <subfield code="x">1883-6135</subfield>
  </datafield>
  <datafield tag="090" ind1="" ind2="">
   <subfield code="a">110978976777765</subfield>
  </datafield>
  <datafield tag="945" ind1="" ind2="">
   <subfield code="m">キタカントウイガク</subfield>
   <subfield code="s">き た か ん と う い か く</subfield>
  </datafield>
  <datafield tag="866" ind1="" ind2="">
   <subfield code="a">Available from 1951 volume: 1 issue: 1 until 1996 volume: 46 issue: 6. </subfield>
   <subfield code="s">1000000000002132</subfield>
   <subfield code="t">1000000000001480</subfield>
   <subfield code="x">JST Journal@rchive:Full Text</subfield>
   <subfield code="z">2490000000000405</subfield>
  </datafield>
  <datafield tag="650" ind1="" ind2="4">
   <subfield code="a">Medicine and Health</subfield>
   <subfield code="x">General and Others</subfield>
  </datafield>
 </record>