
 <record>
  <leader>-----nas-a2200000z--4500</leader>
  <controlfield tag="008">121016uuuuuuuuuxx-uu-|------u|----|jpn-d</controlfield>
  <datafield tag="245" ind1="" ind2="0">
   <subfield code="a">岡山醫學會雜誌</subfield>
  </datafield>
  <datafield tag="246" ind1="" ind2="">
   <subfield code="a">OKAYAMAIGAKKAIZASSHI</subfield>
  </datafield>
  <datafield tag="260" ind1="" ind2="">
   <subfield code="a">岡山</subfield>
   <subfield code="b">岡山医学会</subfield>
  </datafield>
  <datafield tag="022" ind1="" ind2="">
   <subfield code="a">0030-1558</subfield>
  </datafield>
  <datafield tag="776" ind1="" ind2="">
   <subfield code="x">1882-4528</subfield>
  </datafield>
  <datafield tag="090" ind1="" ind2="">
   <subfield code="a">110978976778653</subfield>
  </datafield>
  <datafield tag="945" ind1="" ind2="">
   <subfield code="m">オカヤマイガッカイザッシ</subfield>
   <subfield code="s">お か や ま い か つ か い さ つ し</subfield>
  </datafield>
  <datafield tag="866" ind1="" ind2="">
   <subfield code="a">Available from 1889 volume: 1 issue: 1 until 1944 volume: 56 issue: 6. </subfield>
   <subfield code="s">1000000000002132</subfield>
   <subfield code="t">1000000000001480</subfield>
   <subfield code="x">JST Journal@rchive:Full Text</subfield>
   <subfield code="z">1000000002071840</subfield>
  </datafield>
  <datafield tag="866" ind1="" ind2="">
   <subfield code="a">Available from 1947 volume: 59 issue: 1 until 2006 volume: 118 issue: 3. </subfield>
   <subfield code="s">1000000000002132</subfield>
   <subfield code="t">1000000000001480</subfield>
   <subfield code="x">JST Journal@rchive:Full Text</subfield>
   <subfield code="z">1000000002071808</subfield>
  </datafield>
 </record>