
 <record>
  <leader>-----nas-a2200000z--4500</leader>
  <controlfield tag="008">121016uuuuuuuuuxx-uu-|------u|----|jpn-d</controlfield>
  <datafield tag="245" ind1="" ind2="0">
   <subfield code="a">音声言語医学</subfield>
  </datafield>
  <datafield tag="246" ind1="" ind2="">
   <subfield code="a">ONSEI GENGOO IGAKU</subfield>
  </datafield>
  <datafield tag="246" ind1="" ind2="">
   <subfield code="a">ONSEIGENGOIGAKU</subfield>
  </datafield>
  <datafield tag="246" ind1="" ind2="">
   <subfield code="a">ONSEI GENGO IGAKU</subfield>
  </datafield>
  <datafield tag="260" ind1="" ind2="">
   <subfield code="b">The Japan Society of Logopedics and Phoniatrics</subfield>
  </datafield>
  <datafield tag="022" ind1="" ind2="">
   <subfield code="a">0030-2813</subfield>
  </datafield>
  <datafield tag="776" ind1="" ind2="">
   <subfield code="x">1884-3646</subfield>
  </datafield>
  <datafield tag="090" ind1="" ind2="">
   <subfield code="a">110978976778669</subfield>
  </datafield>
  <datafield tag="945" ind1="" ind2="">
   <subfield code="m">オンセイゲンゴイガク</subfield>
   <subfield code="s">お ん せ い け ん こ い か く</subfield>
  </datafield>
  <datafield tag="866" ind1="" ind2="">
   <subfield code="a">Available from 1960 volume: 1 issue: 1 until 2008 volume: 49 issue: 4. </subfield>
   <subfield code="s">1000000000002132</subfield>
   <subfield code="t">1000000000001480</subfield>
   <subfield code="x">JST Journal@rchive:Full Text</subfield>
   <subfield code="z">2550000000060796</subfield>
  </datafield>
 </record>