
 <record>
  <leader>-----nas-a2200000z--4500</leader>
  <controlfield tag="008">121016uuuuuuuuuxx-uu-|------u|----|jpn-d</controlfield>
  <datafield tag="245" ind1="" ind2="">
   <subfield code="a">オリエント</subfield>
  </datafield>
  <datafield tag="246" ind1="" ind2="">
   <subfield code="a">BULLETIN OF THE SOCIETY FOR NEAR EASTERN STUDIES IN JAPAN</subfield>
  </datafield>
  <datafield tag="246" ind1="" ind2="">
   <subfield code="a">ORIENTO</subfield>
  </datafield>
  <datafield tag="260" ind1="" ind2="">
   <subfield code="a">[Hong Kong]</subfield>
   <subfield code="b">Orient Pub. Co.</subfield>
  </datafield>
  <datafield tag="022" ind1="" ind2="">
   <subfield code="a">0030-5219</subfield>
  </datafield>
  <datafield tag="776" ind1="" ind2="">
   <subfield code="x">1884-1406</subfield>
  </datafield>
  <datafield tag="090" ind1="" ind2="">
   <subfield code="a">110978976778697</subfield>
  </datafield>
  <datafield tag="945" ind1="" ind2="">
   <subfield code="m">オリエント</subfield>
   <subfield code="s">お り え ん と</subfield>
  </datafield>
  <datafield tag="866" ind1="" ind2="">
   <subfield code="a">Available from 1962 volume: 5 issue: 1 until 2007 volume: 50 issue: 2. </subfield>
   <subfield code="s">1000000000002132</subfield>
   <subfield code="t">1000000000001480</subfield>
   <subfield code="x">JST Journal@rchive:Full Text</subfield>
   <subfield code="z">3150000000000299</subfield>
  </datafield>
 </record>