
 <record>
  <leader>-----nas-a2200000z--4500</leader>
  <controlfield tag="008">121016uuuuuuuuuxx-uu-|------u|----|jpn-d</controlfield>
  <datafield tag="245" ind1="" ind2="0">
   <subfield code="a">耳鼻咽喉科臨床</subfield>
  </datafield>
  <datafield tag="246" ind1="" ind2="">
   <subfield code="a">jibi inkoka rinsho</subfield>
  </datafield>
  <datafield tag="246" ind1="" ind2="">
   <subfield code="a">jibiiNkoukariNshou</subfield>
  </datafield>
  <datafield tag="246" ind1="" ind2="">
   <subfield code="a">JIBI INKOKA RINSHO HOSATSU</subfield>
  </datafield>
  <datafield tag="260" ind1="" ind2="">
   <subfield code="a">京都</subfield>
   <subfield code="b">耳鼻咽喉科臨床学会</subfield>
  </datafield>
  <datafield tag="022" ind1="" ind2="">
   <subfield code="a">0032-6313</subfield>
  </datafield>
  <datafield tag="776" ind1="" ind2="">
   <subfield code="x">1884-4545</subfield>
  </datafield>
  <datafield tag="090" ind1="" ind2="">
   <subfield code="a">110978976778963</subfield>
  </datafield>
  <datafield tag="945" ind1="" ind2="">
   <subfield code="m">ジビインコウカリンショウ</subfield>
   <subfield code="s">し ひ い ん こ う か り ん し よ う</subfield>
  </datafield>
  <datafield tag="866" ind1="" ind2="">
   <subfield code="a">Available from 1925 volume: 19 issue: 1 until 2008 volume: 101. </subfield>
   <subfield code="s">1000000000002132</subfield>
   <subfield code="t">1000000000001480</subfield>
   <subfield code="x">JST Journal@rchive:Full Text</subfield>
   <subfield code="z">2670000000140821</subfield>
  </datafield>
 </record>