
 <record>
  <leader>-----nas-a2200000z--4500</leader>
  <controlfield tag="008">121016uuuuuuuuuxx-uu-|------u|----|jpn-d</controlfield>
  <datafield tag="245" ind1="" ind2="0">
   <subfield code="a">リハビリテーション医学</subfield>
  </datafield>
  <datafield tag="246" ind1="" ind2="">
   <subfield code="a">THE JAPANESE JOURNAL OF REHABILITATION MEDICINE</subfield>
  </datafield>
  <datafield tag="210" ind1="" ind2="">
   <subfield code="a">リハビリテーション イガク</subfield>
  </datafield>
  <datafield tag="246" ind1="" ind2="">
   <subfield code="a">RIHABIRITESHON IGAKU</subfield>
  </datafield>
  <datafield tag="210" ind1="" ind2="">
   <subfield code="a">リハビリテーションイガク</subfield>
  </datafield>
  <datafield tag="210" ind1="" ind2="">
   <subfield code="a">リハビリテーション医学 </subfield>
  </datafield>
  <datafield tag="246" ind1="" ind2="">
   <subfield code="a">NIHON RIHABIRITESHON GAKKAI KYUSHU CHIHO KAISHI</subfield>
  </datafield>
  <datafield tag="260" ind1="" ind2="">
   <subfield code="b">社団法人 日本リハビリテーション医学会</subfield>
  </datafield>
  <datafield tag="022" ind1="" ind2="">
   <subfield code="a">0034-351X</subfield>
  </datafield>
  <datafield tag="776" ind1="" ind2="">
   <subfield code="x">1880-778X</subfield>
  </datafield>
  <datafield tag="090" ind1="" ind2="">
   <subfield code="a">110978976779239</subfield>
  </datafield>
  <datafield tag="945" ind1="" ind2="">
   <subfield code="m">リハビリテーションイガク</subfield>
   <subfield code="s">り は ひ り て え し よ ん い か く</subfield>
  </datafield>
  <datafield tag="866" ind1="" ind2="">
   <subfield code="a">Available from 1964 volume: 1 issue: 1 until 2004 volume: 41. </subfield>
   <subfield code="s">1000000000002132</subfield>
   <subfield code="t">1000000000001480</subfield>
   <subfield code="x">JST Journal@rchive:Full Text</subfield>
   <subfield code="z">1000000002071884</subfield>
  </datafield>
 </record>