
 <record>
  <leader>-----nas-a2200000z--4500</leader>
  <controlfield tag="008">121016uuuuuuuuuxx-uu-|------u|----|jpn-d</controlfield>
  <datafield tag="245" ind1="" ind2="0">
   <subfield code="a">東洋音楽研究</subfield>
  </datafield>
  <datafield tag="246" ind1="" ind2="">
   <subfield code="a">TOYO ONGAKU KENKYU : THE JOURNAL OF THE SOCIETY FOR THE RESEARCH OF ASIATIC MUSIC</subfield>
  </datafield>
  <datafield tag="246" ind1="" ind2="">
   <subfield code="a">touyouoNgakukeNkyuu</subfield>
  </datafield>
  <datafield tag="260" ind1="" ind2="">
   <subfield code="a">Tōkyō-shi</subfield>
   <subfield code="b">Tōyō Ongaku Gakkai</subfield>
  </datafield>
  <datafield tag="022" ind1="" ind2="">
   <subfield code="a">0039-3851</subfield>
  </datafield>
  <datafield tag="776" ind1="" ind2="">
   <subfield code="x">1884-0272</subfield>
  </datafield>
  <datafield tag="090" ind1="" ind2="">
   <subfield code="a">110978976779999</subfield>
  </datafield>
  <datafield tag="945" ind1="" ind2="">
   <subfield code="m">トウヨウオンガクケンキュウ</subfield>
   <subfield code="s">と う よ う お ん か く け ん き ゆ う</subfield>
  </datafield>
  <datafield tag="866" ind1="" ind2="">
   <subfield code="a">Available from 1936 volume: 1936 issue: 1 until 2007 volume: 2007 issue: 72. </subfield>
   <subfield code="s">1000000000002132</subfield>
   <subfield code="t">1000000000001480</subfield>
   <subfield code="x">JST Journal@rchive:Full Text</subfield>
   <subfield code="z">2670000000140822</subfield>
  </datafield>
 </record>