
 <record>
  <leader>-----nas-a2200000z--4500</leader>
  <controlfield tag="008">121016uuuuuuuuuxx-uu-|------u|----|jpn-d</controlfield>
  <datafield tag="245" ind1="" ind2="0">
   <subfield code="a">Doboku Gakkai Ronbunshu</subfield>
  </datafield>
  <datafield tag="246" ind1="" ind2="">
   <subfield code="a">DOBOKU GAKKAI ROMBUN HOKOKUSHU</subfield>
  </datafield>
  <datafield tag="246" ind1="" ind2="">
   <subfield code="a">DOBOKU GAKKAI RONBUNSHU</subfield>
  </datafield>
  <datafield tag="246" ind1="" ind2="">
   <subfield code="a">DOBOKUGAKKAIRONBUNSHUU</subfield>
  </datafield>
  <datafield tag="260" ind1="" ind2="">
   <subfield code="a">Tōkyō-to</subfield>
   <subfield code="b">社団法人 土木学会</subfield>
  </datafield>
  <datafield tag="022" ind1="" ind2="">
   <subfield code="a">0289-7806</subfield>
  </datafield>
  <datafield tag="776" ind1="" ind2="">
   <subfield code="x">1882-7187</subfield>
  </datafield>
  <datafield tag="090" ind1="" ind2="">
   <subfield code="a">110978976781373</subfield>
  </datafield>
  <datafield tag="945" ind1="" ind2="">
   <subfield code="m">ドボクガッカイロンブンシュウ</subfield>
   <subfield code="s">と ほ く か つ か い ろ ん ふ ん し ゆ う</subfield>
  </datafield>
  <datafield tag="866" ind1="" ind2="">
   <subfield code="a">Available from 1984 volume: 1984 issue: 344 until 2004 volume: 2004 issue: 778. </subfield>
   <subfield code="s">1000000000002132</subfield>
   <subfield code="t">1000000000001480</subfield>
   <subfield code="x">JST Journal@rchive:Full Text</subfield>
   <subfield code="z">2670000000184975</subfield>
  </datafield>
  <datafield tag="650" ind1="" ind2="4">
   <subfield code="a">Engineering</subfield>
   <subfield code="x">Civil Engineering</subfield>
  </datafield>
 </record>