
 <record>
  <leader>-----nas-a2200000z--4500</leader>
  <controlfield tag="008">121016uuuuuuuuuxx-uu-|------u|----|jpn-d</controlfield>
  <datafield tag="245" ind1="" ind2="0">
   <subfield code="a">日本機械学会論文集 A編</subfield>
  </datafield>
  <datafield tag="246" ind1="" ind2="">
   <subfield code="a">TRANS JAPAN SOC MECH ENG PT A</subfield>
  </datafield>
  <datafield tag="246" ind1="" ind2="">
   <subfield code="a">TRANSACTIONS OF THE JAPAN SOCIETY OF MECHANICAL ENGINEERS. A</subfield>
  </datafield>
  <datafield tag="246" ind1="" ind2="">
   <subfield code="a">NIPPONKIKAIGAKKAIRONBUNSHUU AHEN</subfield>
  </datafield>
  <datafield tag="260" ind1="" ind2="">
   <subfield code="a">東京</subfield>
   <subfield code="b">日本機械学会</subfield>
  </datafield>
  <datafield tag="022" ind1="" ind2="">
   <subfield code="a">0387-5008</subfield>
  </datafield>
  <datafield tag="776" ind1="" ind2="">
   <subfield code="x">1884-8338</subfield>
  </datafield>
  <datafield tag="090" ind1="" ind2="">
   <subfield code="a">110978976781525</subfield>
  </datafield>
  <datafield tag="945" ind1="" ind2="">
   <subfield code="m">ニッポンキカイガッカイロンブンシュウAヘン</subfield>
   <subfield code="s">に つ ほ ん き か い か つ か い ろ ん ふ ん し ゆ う A へ ん</subfield>
  </datafield>
  <datafield tag="866" ind1="" ind2="">
   <subfield code="a">Available from 1979 volume: 45 issue: 389 until 2008 volume: 74 issue: 748. </subfield>
   <subfield code="s">1000000000002132</subfield>
   <subfield code="t">1000000000001480</subfield>
   <subfield code="x">JST Journal@rchive:Full Text</subfield>
   <subfield code="z">1000000002071926</subfield>
  </datafield>
  <datafield tag="650" ind1="" ind2="4">
   <subfield code="a">Engineering</subfield>
   <subfield code="x">Civil Engineering</subfield>
  </datafield>
 </record>