
 <record>
  <leader>-----nas-a2200000z--4500</leader>
  <controlfield tag="008">121016uuuuuuuuuxx-uu-|------u|----|jpn-d</controlfield>
  <datafield tag="245" ind1="" ind2="">
   <subfield code="a">まてりあ</subfield>
  </datafield>
  <datafield tag="246" ind1="" ind2="">
   <subfield code="a">MATER JPN</subfield>
  </datafield>
  <datafield tag="246" ind1="" ind2="">
   <subfield code="a">MATERIA</subfield>
  </datafield>
  <datafield tag="260" ind1="" ind2="">
   <subfield code="a">[Sendai]</subfield>
   <subfield code="b">Japan Institute of Metals</subfield>
  </datafield>
  <datafield tag="022" ind1="" ind2="">
   <subfield code="a">1340-2625</subfield>
  </datafield>
  <datafield tag="776" ind1="" ind2="">
   <subfield code="x">1884-5843</subfield>
  </datafield>
  <datafield tag="090" ind1="" ind2="">
   <subfield code="a">110978976781979</subfield>
  </datafield>
  <datafield tag="945" ind1="" ind2="">
   <subfield code="m">マテリア</subfield>
   <subfield code="s">ま て り あ</subfield>
  </datafield>
  <datafield tag="866" ind1="" ind2="">
   <subfield code="a">Available from 1994 volume: 33 issue: 1 until 2009 volume: 48. </subfield>
   <subfield code="s">1000000000002132</subfield>
   <subfield code="t">1000000000001480</subfield>
   <subfield code="x">JST Journal@rchive:Full Text</subfield>
   <subfield code="z">2670000000432246</subfield>
  </datafield>
  <datafield tag="650" ind1="" ind2="4">
   <subfield code="a">Engineering</subfield>
   <subfield code="x">Mining Engineering</subfield>
  </datafield>
 </record>