
 <record>
  <leader>-----nas-a2200000z--4500</leader>
  <controlfield tag="008">121016uuuuuuuuuxx-uu-|------u|----|jpn-d</controlfield>
  <datafield tag="245" ind1="" ind2="">
   <subfield code="a">応用糖質科学</subfield>
  </datafield>
  <datafield tag="260" ind1="" ind2="">
   <subfield code="a">つくば</subfield>
   <subfield code="b">日本応用糖質科学会</subfield>
  </datafield>
  <datafield tag="022" ind1="" ind2="">
   <subfield code="a">1340-3494</subfield>
  </datafield>
  <datafield tag="776" ind1="" ind2="">
   <subfield code="x">1884-4898</subfield>
  </datafield>
  <datafield tag="090" ind1="" ind2="">
   <subfield code="a">110978976781981</subfield>
  </datafield>
  <datafield tag="945" ind1="" ind2="">
   <subfield code="m">オウヨウトウシツカガク</subfield>
   <subfield code="s">お う よ う と う し つ か か く</subfield>
  </datafield>
  <datafield tag="866" ind1="" ind2="">
   <subfield code="a">Available from 1994 volume: 41 issue: 1 until 1998 volume: 45 issue: 4. </subfield>
   <subfield code="s">1000000000002132</subfield>
   <subfield code="t">1000000000001480</subfield>
   <subfield code="x">JST Journal@rchive:Full Text</subfield>
   <subfield code="z">2550000000060864</subfield>
  </datafield>
  <datafield tag="650" ind1="" ind2="4">
   <subfield code="a">Medicine and Health</subfield>
   <subfield code="x">Physiology</subfield>
  </datafield>
 </record>