
 <record>
  <leader>-----nas-a2200000z--4500</leader>
  <controlfield tag="008">121016uuuuuuuuuxx-uu-|------u|----|jpn-d</controlfield>
  <datafield tag="245" ind1="" ind2="0">
   <subfield code="a">北日本病害虫研究会年報</subfield>
  </datafield>
  <datafield tag="246" ind1="" ind2="">
   <subfield code="a">KITANIPPONBYOUGAICHUUKENKYUUKAIHOU</subfield>
  </datafield>
  <datafield tag="246" ind1="" ind2="">
   <subfield code="a">TOUHOKUBYOUGAICHUUKOUENTOURONKAIKOUENYOUSHI</subfield>
  </datafield>
  <datafield tag="246" ind1="" ind2="">
   <subfield code="a">KITANIPPONBYOUGAICHUUKENKYUUKAINENPOU</subfield>
  </datafield>
  <datafield tag="260" ind1="" ind2="">
   <subfield code="a">大曲</subfield>
   <subfield code="b">北日本病害虫研究会</subfield>
  </datafield>
  <datafield tag="022" ind1="" ind2="">
   <subfield code="a">0368-623X</subfield>
  </datafield>
  <datafield tag="776" ind1="" ind2="">
   <subfield code="x">2185-4122</subfield>
  </datafield>
  <datafield tag="090" ind1="" ind2="">
   <subfield code="a">110978977742619</subfield>
  </datafield>
  <datafield tag="945" ind1="" ind2="">
   <subfield code="m">キタニッポンビョウガイチュウケンキュウカイネンポウ</subfield>
   <subfield code="s">き た に つ ほ ん ひ よ う か い ち ゆ う け ん き ゆ う か い ね ん ほ う</subfield>
  </datafield>
  <datafield tag="866" ind1="" ind2="">
   <subfield code="a">Available from 1951 volume: 1951 issue: 2 until 1965 volume: 1965 issue: 15. </subfield>
   <subfield code="s">1000000000002132</subfield>
   <subfield code="t">1000000000001480</subfield>
   <subfield code="x">JST Journal@rchive:Full Text</subfield>
   <subfield code="z">2670000000290524</subfield>
  </datafield>
 </record>