
 <record>
  <leader>-----nas-a2200000z--4500</leader>
  <controlfield tag="008">121016uuuuuuuuuxx-uu-|------u|----|jpn-d</controlfield>
  <datafield tag="245" ind1="" ind2="0">
   <subfield code="a">歯科薬物療法</subfield>
  </datafield>
  <datafield tag="246" ind1="" ind2="">
   <subfield code="a">SHIKA YAKUBUTSU RYOHO</subfield>
  </datafield>
  <datafield tag="246" ind1="" ind2="">
   <subfield code="a">SHIKAYAKUBUTSURYOHO</subfield>
  </datafield>
  <datafield tag="246" ind1="" ind2="">
   <subfield code="a">shikayakubutsuryouhou</subfield>
  </datafield>
  <datafield tag="246" ind1="" ind2="">
   <subfield code="a">ORAL THERAPEUTICS AND PHARMACOLOGY</subfield>
  </datafield>
  <datafield tag="260" ind1="" ind2="">
   <subfield code="a">Tōkyō</subfield>
   <subfield code="b">Shika Yakubutsu Ryōhō Kenkyūkai</subfield>
  </datafield>
  <datafield tag="022" ind1="" ind2="">
   <subfield code="a">0288-1012</subfield>
  </datafield>
  <datafield tag="776" ind1="" ind2="">
   <subfield code="x">1884-4928</subfield>
  </datafield>
  <datafield tag="090" ind1="" ind2="">
   <subfield code="a">110978978736961</subfield>
  </datafield>
  <datafield tag="945" ind1="" ind2="">
   <subfield code="m">シカヤクブツリョウホウ</subfield>
   <subfield code="s">し か や く ふ つ り よ う ほ う</subfield>
  </datafield>
  <datafield tag="866" ind1="" ind2="">
   <subfield code="a">Available from 1982 volume: 1 issue: 1 until 2008 volume: 27 issue: 3. </subfield>
   <subfield code="s">1000000000002132</subfield>
   <subfield code="t">1000000000001480</subfield>
   <subfield code="x">JST Journal@rchive:Full Text</subfield>
   <subfield code="z">2550000000060808</subfield>
  </datafield>
 </record>