
 <record>
  <leader>-----nas-a2200000z--4500</leader>
  <controlfield tag="008">121016uuuuuuuuuxx-uu-|------u|----|jpn-d</controlfield>
  <datafield tag="245" ind1="" ind2="0">
   <subfield code="a">海洋開発論文集</subfield>
  </datafield>
  <datafield tag="246" ind1="" ind2="">
   <subfield code="a">KAIYOUKAIHATSURONBUNSHUU</subfield>
  </datafield>
  <datafield tag="260" ind1="" ind2="">
   <subfield code="a">東京</subfield>
   <subfield code="b">土木学会海洋開発委員会</subfield>
  </datafield>
  <datafield tag="022" ind1="" ind2="">
   <subfield code="a">0912-7348</subfield>
  </datafield>
  <datafield tag="776" ind1="" ind2="">
   <subfield code="x">1884-8265</subfield>
  </datafield>
  <datafield tag="090" ind1="" ind2="">
   <subfield code="a">110978978742157</subfield>
  </datafield>
  <datafield tag="945" ind1="" ind2="">
   <subfield code="m">カイヨウカイハツロンブンシュウ</subfield>
   <subfield code="s">か い よ う か い は つ ろ ん ふ ん し ゆ う</subfield>
  </datafield>
  <datafield tag="866" ind1="" ind2="">
   <subfield code="a">Available from 1986 volume: 2 until 2008 volume: 24. </subfield>
   <subfield code="s">1000000000002132</subfield>
   <subfield code="t">1000000000001480</subfield>
   <subfield code="x">JST Journal@rchive:Full Text</subfield>
   <subfield code="z">2670000000184965</subfield>
  </datafield>
 </record>