
 <record>
  <leader>-----nas-a2200000z--4500</leader>
  <controlfield tag="008">121016uuuuuuuuuxx-uu-|------u|----|jpn-d</controlfield>
  <datafield tag="245" ind1="" ind2="0">
   <subfield code="a">水産増殖</subfield>
  </datafield>
  <datafield tag="246" ind1="" ind2="">
   <subfield code="a">SUISANZOSHOKU</subfield>
  </datafield>
  <datafield tag="246" ind1="" ind2="">
   <subfield code="a">suisaNzoushoku</subfield>
  </datafield>
  <datafield tag="246" ind1="" ind2="">
   <subfield code="a">SUISAN ZOSHOKU</subfield>
  </datafield>
  <datafield tag="260" ind1="" ind2="">
   <subfield code="a">Sendai-shi</subfield>
   <subfield code="b">Suisan Zōshoku Danwakai</subfield>
  </datafield>
  <datafield tag="022" ind1="" ind2="">
   <subfield code="a">0371-4217</subfield>
  </datafield>
  <datafield tag="776" ind1="" ind2="">
   <subfield code="x">0919-2581</subfield>
  </datafield>
  <datafield tag="090" ind1="" ind2="">
   <subfield code="a">110978978952246</subfield>
  </datafield>
  <datafield tag="945" ind1="" ind2="">
   <subfield code="m">スイサンゾウショク</subfield>
   <subfield code="s">す い さ ん そ う し よ く</subfield>
  </datafield>
  <datafield tag="866" ind1="" ind2="">
   <subfield code="a">Available from 1953 volume: 1 issue: 1 until 2007 volume: 55 issue: 4. </subfield>
   <subfield code="s">1000000000002132</subfield>
   <subfield code="t">1000000000001480</subfield>
   <subfield code="x">JST Journal@rchive:Full Text</subfield>
   <subfield code="z">2550000000060815</subfield>
  </datafield>
  <datafield tag="650" ind1="" ind2="4">
   <subfield code="a">Agriculture Sciences</subfield>
   <subfield code="x">Fisheries and Aquaculture</subfield>
  </datafield>
 </record>