
 <record>
  <leader>-----nas-a2200000z--4500</leader>
  <controlfield tag="008">121016uuuuuuuuuxx-uu-|------u|----|jpn-d</controlfield>
  <datafield tag="245" ind1="" ind2="0">
   <subfield code="a">民族衛生</subfield>
  </datafield>
  <datafield tag="246" ind1="" ind2="">
   <subfield code="a">MINZOKU EISEI</subfield>
  </datafield>
  <datafield tag="246" ind1="" ind2="">
   <subfield code="a">MINZOKUEISEI</subfield>
  </datafield>
  <datafield tag="260" ind1="" ind2="">
   <subfield code="b">The Japanese Society of Health and Human Ecology</subfield>
  </datafield>
  <datafield tag="022" ind1="" ind2="">
   <subfield code="a">0368-9395</subfield>
  </datafield>
  <datafield tag="776" ind1="" ind2="">
   <subfield code="x">1882-868X</subfield>
  </datafield>
  <datafield tag="090" ind1="" ind2="">
   <subfield code="a">110978979116471</subfield>
  </datafield>
  <datafield tag="945" ind1="" ind2="">
   <subfield code="m">ミンゾクエイセイ</subfield>
   <subfield code="s">み ん そ く え い せ い</subfield>
  </datafield>
  <datafield tag="866" ind1="" ind2="">
   <subfield code="a">Available from 1931 volume: 1 issue: 1 until 2007 volume: 73. </subfield>
   <subfield code="s">1000000000002132</subfield>
   <subfield code="t">1000000000001480</subfield>
   <subfield code="x">JST Journal@rchive:Full Text</subfield>
   <subfield code="z">2550000000060813</subfield>
  </datafield>
 </record>