
 <record>
  <leader>-----nas-a2200000z--4500</leader>
  <controlfield tag="008">121016uuuuuuuuuxx-uu-|------u|----|jpn-d</controlfield>
  <datafield tag="245" ind1="" ind2="0">
   <subfield code="a">写真測量とリモートセンシング</subfield>
  </datafield>
  <datafield tag="246" ind1="" ind2="">
   <subfield code="a">SHASHINSOKURYOUTORIMOTOSENSHINGU</subfield>
  </datafield>
  <datafield tag="246" ind1="" ind2="">
   <subfield code="a">SHASHIN SOKURYO TO RIMOTO SENSHINGU</subfield>
  </datafield>
  <datafield tag="260" ind1="" ind2="">
   <subfield code="a">東京</subfield>
   <subfield code="b">日本写真測量学会</subfield>
  </datafield>
  <datafield tag="022" ind1="" ind2="">
   <subfield code="a">0285-5844</subfield>
  </datafield>
  <datafield tag="776" ind1="" ind2="">
   <subfield code="x">1883-9061</subfield>
  </datafield>
  <datafield tag="090" ind1="" ind2="">
   <subfield code="a">110978979264414</subfield>
  </datafield>
  <datafield tag="945" ind1="" ind2="">
   <subfield code="m">シャシンソクリョウトリモートセンシング</subfield>
   <subfield code="s">し や し ん そ く り よ う と り も お と せ ん し ん く</subfield>
  </datafield>
  <datafield tag="866" ind1="" ind2="">
   <subfield code="a">Available from 1975 volume: 14 issue: 1 until 2008 volume: 47 issue: 6. </subfield>
   <subfield code="s">1000000000002132</subfield>
   <subfield code="t">1000000000001480</subfield>
   <subfield code="x">JST Journal@rchive:Full Text</subfield>
   <subfield code="z">2670000000196172</subfield>
  </datafield>
 </record>