
 <record>
  <leader>-----nas-a2200000z--4500</leader>
  <controlfield tag="008">121016uuuuuuuuuxx-uu-|------u|----|jpn-d</controlfield>
  <datafield tag="245" ind1="" ind2="0">
   <subfield code="a">植物組織培養</subfield>
  </datafield>
  <datafield tag="246" ind1="" ind2="">
   <subfield code="a">PLANT TISSUE CULTURE LETTERS</subfield>
  </datafield>
  <datafield tag="260" ind1="" ind2="">
   <subfield code="a">東京</subfield>
   <subfield code="b">日本植物細胞分子生物学会</subfield>
  </datafield>
  <datafield tag="022" ind1="" ind2="">
   <subfield code="a">0289-5773</subfield>
  </datafield>
  <datafield tag="090" ind1="" ind2="">
   <subfield code="a">110978979264508</subfield>
  </datafield>
  <datafield tag="945" ind1="" ind2="">
   <subfield code="m">ショクブツソシキバイヨウ</subfield>
   <subfield code="s">し よ く ふ つ そ し き は い よ う</subfield>
  </datafield>
  <datafield tag="866" ind1="" ind2="">
   <subfield code="a">Available from 1984 volume: 1 issue: 1 until 1996 volume: 13 issue: 3. </subfield>
   <subfield code="s">1000000000002132</subfield>
   <subfield code="t">1000000000001480</subfield>
   <subfield code="x">JST Journal@rchive:Full Text</subfield>
   <subfield code="z">3150000000000305</subfield>
  </datafield>
 </record>