
 <record>
  <leader>-----nas-a2200000z--4500</leader>
  <controlfield tag="008">121016uuuuuuuuuxx-uu-|------u|----|jpn-d</controlfield>
  <datafield tag="245" ind1="" ind2="0">
   <subfield code="a">日本放射線腫瘍学会誌</subfield>
  </datafield>
  <datafield tag="246" ind1="" ind2="">
   <subfield code="a">JOURNAL OF JASTR O</subfield>
  </datafield>
  <datafield tag="246" ind1="" ind2="">
   <subfield code="a">JOURNAL OF JASTRO</subfield>
  </datafield>
  <datafield tag="246" ind1="" ind2="">
   <subfield code="a">THE JOURNAL OF JASTRO</subfield>
  </datafield>
  <datafield tag="246" ind1="" ind2="">
   <subfield code="a">NIPPONHOUSHASENSHUYOUGAKKAISHI</subfield>
  </datafield>
  <datafield tag="260" ind1="" ind2="">
   <subfield code="a">Tokyo</subfield>
   <subfield code="b">日本放射線腫瘍学会</subfield>
  </datafield>
  <datafield tag="022" ind1="" ind2="">
   <subfield code="a">1040-9564</subfield>
  </datafield>
  <datafield tag="776" ind1="" ind2="">
   <subfield code="x">1881-9885</subfield>
  </datafield>
  <datafield tag="090" ind1="" ind2="">
   <subfield code="a">110978979269538</subfield>
  </datafield>
  <datafield tag="945" ind1="" ind2="">
   <subfield code="m">ニッポンホウシャセンシュヨウガッカイシ</subfield>
   <subfield code="s">に つ ほ ん ほ う し や せ ん し ゆ よ う か つ か い し</subfield>
  </datafield>
  <datafield tag="866" ind1="" ind2="">
   <subfield code="a">Available from 1989 volume: 1 issue: 1 until 2004 volume: 16 issue: 4. </subfield>
   <subfield code="s">1000000000002132</subfield>
   <subfield code="t">1000000000001480</subfield>
   <subfield code="x">JST Journal@rchive:Full Text</subfield>
   <subfield code="z">2670000000363762</subfield>
  </datafield>
 </record>