
 <record>
  <leader>-----nas-a2200000z--4500</leader>
  <controlfield tag="008">121016uuuuuuuuuxx-uu-|------u|----|jpn-d</controlfield>
  <datafield tag="245" ind1="" ind2="0">
   <subfield code="a">産婦人科の進歩</subfield>
  </datafield>
  <datafield tag="246" ind1="" ind2="">
   <subfield code="a">SANFUJINKA NO SHINPO</subfield>
  </datafield>
  <datafield tag="246" ind1="" ind2="">
   <subfield code="a">ADVANCES IN OBSTETRICS AND GYNECOLOGY</subfield>
  </datafield>
  <datafield tag="246" ind1="" ind2="">
   <subfield code="a">SANJUJINKA NO SHINPO</subfield>
  </datafield>
  <datafield tag="246" ind1="" ind2="">
   <subfield code="a">saNfujiNkanoshiNpo</subfield>
  </datafield>
  <datafield tag="260" ind1="" ind2="">
   <subfield code="b">近畿産科婦人科学会</subfield>
  </datafield>
  <datafield tag="022" ind1="" ind2="">
   <subfield code="a">0370-8446</subfield>
  </datafield>
  <datafield tag="776" ind1="" ind2="">
   <subfield code="x">1347-6742</subfield>
  </datafield>
  <datafield tag="090" ind1="" ind2="">
   <subfield code="a">110978979588173</subfield>
  </datafield>
  <datafield tag="945" ind1="" ind2="">
   <subfield code="m">サンフジンカノシンポ</subfield>
   <subfield code="s">さ ん ふ し ん か の し ん ほ</subfield>
  </datafield>
  <datafield tag="866" ind1="" ind2="">
   <subfield code="a">Available from 1949 volume: 1 issue: 1 until 2000 volume: 52. </subfield>
   <subfield code="s">1000000000002132</subfield>
   <subfield code="t">1000000000001480</subfield>
   <subfield code="x">JST Journal@rchive:Full Text</subfield>
   <subfield code="z">2670000000140813</subfield>
  </datafield>
  <datafield tag="650" ind1="" ind2="4">
   <subfield code="a">Medicine and Health</subfield>
   <subfield code="x">Reproduction &amp; Reproductive Medicine</subfield>
  </datafield>
  <datafield tag="650" ind1="" ind2="4">
   <subfield code="a">Medicine and Health</subfield>
   <subfield code="x">Obstetrics and Gynecology</subfield>
  </datafield>
 </record>