
 <record>
  <leader>-----nas-a2200000z--4500</leader>
  <controlfield tag="008">121016uuuuuuuuuxx-uu-|------u|----|jpn-d</controlfield>
  <datafield tag="245" ind1="" ind2="">
   <subfield code="a">Turbomachinery</subfield>
  </datafield>
  <datafield tag="246" ind1="" ind2="">
   <subfield code="a">TURBOMACHINERY</subfield>
  </datafield>
  <datafield tag="246" ind1="" ind2="">
   <subfield code="a">TABO KIKAI</subfield>
  </datafield>
  <datafield tag="246" ind1="" ind2="">
   <subfield code="a">TABOKIKAI</subfield>
  </datafield>
  <datafield tag="260" ind1="" ind2="">
   <subfield code="b">ターボ機械協会</subfield>
  </datafield>
  <datafield tag="022" ind1="" ind2="">
   <subfield code="a">0385-8839</subfield>
  </datafield>
  <datafield tag="776" ind1="" ind2="">
   <subfield code="x">1880-2338</subfield>
  </datafield>
  <datafield tag="090" ind1="" ind2="">
   <subfield code="a">110978979588233</subfield>
  </datafield>
  <datafield tag="945" ind1="" ind2="">
   <subfield code="m">ターボキカイ</subfield>
   <subfield code="s">た あ ほ き か い</subfield>
  </datafield>
  <datafield tag="866" ind1="" ind2="">
   <subfield code="a">Available from 1973 volume: 1 issue: 1 until 2003 volume: 31 issue: 12. </subfield>
   <subfield code="s">1000000000002132</subfield>
   <subfield code="t">1000000000001480</subfield>
   <subfield code="x">JST Journal@rchive:Full Text</subfield>
   <subfield code="z">2670000000290484</subfield>
  </datafield>
 </record>