
 <record>
  <leader>-----nas-a2200000z--4500</leader>
  <controlfield tag="008">121016uuuuuuuuuxx-uu-|------u|----|jpn-d</controlfield>
  <datafield tag="245" ind1="" ind2="0">
   <subfield code="a">Denki Kako Gakkaishi</subfield>
  </datafield>
  <datafield tag="246" ind1="" ind2="">
   <subfield code="a">DENKI KAKO GAKKAISHI</subfield>
  </datafield>
  <datafield tag="246" ind1="" ind2="">
   <subfield code="a">DENKI KAKOGAKU KAISHI</subfield>
  </datafield>
  <datafield tag="260" ind1="" ind2="">
   <subfield code="b">社団法人　電気加工学会</subfield>
  </datafield>
  <datafield tag="022" ind1="" ind2="">
   <subfield code="a">0387-754X</subfield>
  </datafield>
  <datafield tag="776" ind1="" ind2="">
   <subfield code="x">1881-0888</subfield>
  </datafield>
  <datafield tag="090" ind1="" ind2="">
   <subfield code="a">110978979588319</subfield>
  </datafield>
  <datafield tag="945" ind1="" ind2="">
   <subfield code="m">デンキカコウガッカイシ</subfield>
   <subfield code="s">て ん き か こ う か つ か い し</subfield>
  </datafield>
  <datafield tag="866" ind1="" ind2="">
   <subfield code="a">Available from 1968 volume: 1 issue: 1 until 2004 volume: 38 issue: 89. </subfield>
   <subfield code="s">1000000000002132</subfield>
   <subfield code="t">1000000000001480</subfield>
   <subfield code="x">JST Journal@rchive:Full Text</subfield>
   <subfield code="z">3150000000000307</subfield>
  </datafield>
 </record>