
 <record>
  <leader>-----nas-a2200000z--4500</leader>
  <controlfield tag="008">121016uuuuuuuuuxx-uu-|------u|----|jpn-d</controlfield>
  <datafield tag="245" ind1="" ind2="0">
   <subfield code="a">付着生物研究</subfield>
  </datafield>
  <datafield tag="260" ind1="" ind2="">
   <subfield code="a">三陸町(岩手県)</subfield>
   <subfield code="b">付着生物研究会</subfield>
  </datafield>
  <datafield tag="022" ind1="" ind2="">
   <subfield code="a">0388-3531</subfield>
  </datafield>
  <datafield tag="090" ind1="" ind2="">
   <subfield code="a">110978979778755</subfield>
  </datafield>
  <datafield tag="945" ind1="" ind2="">
   <subfield code="m">フチャクセイブツケンキュウ</subfield>
   <subfield code="s">ふ ち や く せ い ふ つ け ん き ゆ う</subfield>
  </datafield>
  <datafield tag="866" ind1="" ind2="">
   <subfield code="a">Available from 1979 volume: 1 issue: 1 until 1996 volume: 12 issue: 2. </subfield>
   <subfield code="s">1000000000002132</subfield>
   <subfield code="t">1000000000001480</subfield>
   <subfield code="x">JST Journal@rchive:Full Text</subfield>
   <subfield code="z">3150000000000309</subfield>
  </datafield>
 </record>