
 <record>
  <leader>-----nas-a2200000z--4500</leader>
  <controlfield tag="008">121016uuuuuuuuuxx-uu-|------u|----|jpn-d</controlfield>
  <datafield tag="245" ind1="" ind2="0">
   <subfield code="a">Journal of the Cryogenic Society of Japan</subfield>
  </datafield>
  <datafield tag="246" ind1="" ind2="">
   <subfield code="a">TEION KOGAKU</subfield>
  </datafield>
  <datafield tag="246" ind1="" ind2="">
   <subfield code="a">TEION KOGAKU (JOURNAL OF THE CRYOGENIC SOCIETY OF JAPAN)</subfield>
  </datafield>
  <datafield tag="246" ind1="" ind2="">
   <subfield code="a">TEIONKOGAKU</subfield>
  </datafield>
  <datafield tag="246" ind1="" ind2="">
   <subfield code="a">TEIONKOUGAKU</subfield>
  </datafield>
  <datafield tag="260" ind1="" ind2="">
   <subfield code="a">Tōkyō-to</subfield>
   <subfield code="b">社団法人 低温工学協会</subfield>
  </datafield>
  <datafield tag="022" ind1="" ind2="">
   <subfield code="a">0389-2441</subfield>
  </datafield>
  <datafield tag="776" ind1="" ind2="">
   <subfield code="x">1880-0408</subfield>
  </datafield>
  <datafield tag="090" ind1="" ind2="">
   <subfield code="a">110978979778819</subfield>
  </datafield>
  <datafield tag="945" ind1="" ind2="">
   <subfield code="m">テイオンコウガク</subfield>
   <subfield code="s">て い お ん こ う か く</subfield>
  </datafield>
  <datafield tag="866" ind1="" ind2="">
   <subfield code="a">Available from 1966 volume: 1 issue: 1 until 2002 volume: 37 issue: 12. </subfield>
   <subfield code="s">1000000000002132</subfield>
   <subfield code="t">1000000000001480</subfield>
   <subfield code="x">JST Journal@rchive:Full Text</subfield>
   <subfield code="z">2550000000060826</subfield>
  </datafield>
 </record>