
 <record>
  <leader>-----nas-a2200000z--4500</leader>
  <controlfield tag="008">121016uuuuuuuuuxx-uu-|------u|----|jpn-d</controlfield>
  <datafield tag="245" ind1="" ind2="0">
   <subfield code="a">日本微生物生態学会報</subfield>
  </datafield>
  <datafield tag="246" ind1="" ind2="">
   <subfield code="a">BULLETIN OF JAPANESE SOCIETY OF MICROBIAL ECOLOGY</subfield>
  </datafield>
  <datafield tag="260" ind1="" ind2="">
   <subfield code="a">多賀城</subfield>
   <subfield code="b">日本微生物生態学会</subfield>
  </datafield>
  <datafield tag="022" ind1="" ind2="">
   <subfield code="a">0911-7830</subfield>
  </datafield>
  <datafield tag="090" ind1="" ind2="">
   <subfield code="a">110978979780359</subfield>
  </datafield>
  <datafield tag="945" ind1="" ind2="">
   <subfield code="m">ニホンビセイブツセイタイガッカイホウ</subfield>
   <subfield code="s">に ほ ん ひ せ い ふ つ せ い た い か つ か い ほ う</subfield>
  </datafield>
  <datafield tag="866" ind1="" ind2="">
   <subfield code="a">Available from 1986 volume: 1 issue: 1 until 1995 volume: 10 issue: 3. </subfield>
   <subfield code="s">1000000000002132</subfield>
   <subfield code="t">1000000000001480</subfield>
   <subfield code="x">JST Journal@rchive:Full Text</subfield>
   <subfield code="z">3150000000000355</subfield>
  </datafield>
  <datafield tag="650" ind1="" ind2="4">
   <subfield code="a">Biology and Life Sciences</subfield>
   <subfield code="x">Biology</subfield>
  </datafield>
 </record>