
 <record>
  <leader>-----nas-a2200000z--4500</leader>
  <controlfield tag="008">121016uuuuuuuuuxx-uu-|------u|----|jpn-d</controlfield>
  <datafield tag="245" ind1="" ind2="">
   <subfield code="a">Primate Research</subfield>
  </datafield>
  <datafield tag="246" ind1="" ind2="">
   <subfield code="a">PRIMATE RESEARCH</subfield>
  </datafield>
  <datafield tag="246" ind1="" ind2="">
   <subfield code="a">PRIMATE RES</subfield>
  </datafield>
  <datafield tag="246" ind1="" ind2="">
   <subfield code="a">REICHORUI KENKYU</subfield>
  </datafield>
  <datafield tag="260" ind1="" ind2="">
   <subfield code="b">日本霊長類学会</subfield>
  </datafield>
  <datafield tag="022" ind1="" ind2="">
   <subfield code="a">0912-4047</subfield>
  </datafield>
  <datafield tag="776" ind1="" ind2="">
   <subfield code="x">1880-2117</subfield>
  </datafield>
  <datafield tag="090" ind1="" ind2="">
   <subfield code="a">110978979780457</subfield>
  </datafield>
  <datafield tag="945" ind1="" ind2="">
   <subfield code="m">レイチョウルイケンキュウ</subfield>
   <subfield code="s">れ い ち よ う る い け ん き ゆ う</subfield>
  </datafield>
  <datafield tag="866" ind1="" ind2="">
   <subfield code="a">Available from 1985 volume: 1 issue: 1 until 2002 volume: 18 issue: 3. </subfield>
   <subfield code="s">1000000000002132</subfield>
   <subfield code="t">1000000000001480</subfield>
   <subfield code="x">JST Journal@rchive:Full Text</subfield>
   <subfield code="z">2490000000000412</subfield>
  </datafield>
  <datafield tag="650" ind1="" ind2="4">
   <subfield code="a">Biology and Life Sciences</subfield>
   <subfield code="x">Zoology</subfield>
  </datafield>
 </record>