
 <record>
  <leader>-----nas-a2200000z--4500</leader>
  <controlfield tag="008">121016uuuuuuuuuxx-uu-|------u|----|jpn-d</controlfield>
  <datafield tag="245" ind1="" ind2="">
   <subfield code="a">Japanese Journal of Multiphase Flow</subfield>
  </datafield>
  <datafield tag="246" ind1="" ind2="">
   <subfield code="a">JAPANESE JOURNAL OF MULTIPHASE FLOW</subfield>
  </datafield>
  <datafield tag="246" ind1="" ind2="">
   <subfield code="a">KONSORYU</subfield>
  </datafield>
  <datafield tag="246" ind1="" ind2="">
   <subfield code="a">konsoryu kenkyu no shinten</subfield>
  </datafield>
  <datafield tag="246" ind1="" ind2="">
   <subfield code="a">KONSOURYU</subfield>
  </datafield>
  <datafield tag="260" ind1="" ind2="">
   <subfield code="b">日本混相流学会</subfield>
  </datafield>
  <datafield tag="022" ind1="" ind2="">
   <subfield code="a">0914-2843</subfield>
  </datafield>
  <datafield tag="776" ind1="" ind2="">
   <subfield code="x">1881-5790</subfield>
  </datafield>
  <datafield tag="090" ind1="" ind2="">
   <subfield code="a">110978979780675</subfield>
  </datafield>
  <datafield tag="945" ind1="" ind2="">
   <subfield code="m">コンソウリュウ</subfield>
   <subfield code="s">こ ん そ う り ゆ う</subfield>
  </datafield>
  <datafield tag="866" ind1="" ind2="">
   <subfield code="a">Available from 1987 volume: 1 issue: 1 until 2000 volume: 14 issue: 4. </subfield>
   <subfield code="s">1000000000002132</subfield>
   <subfield code="t">1000000000001480</subfield>
   <subfield code="x">JST Journal@rchive:Full Text</subfield>
   <subfield code="z">2670000000230021</subfield>
  </datafield>
  <datafield tag="650" ind1="" ind2="4">
   <subfield code="a">Engineering</subfield>
   <subfield code="x">Mechanical Engineering</subfield>
  </datafield>
  <datafield tag="650" ind1="" ind2="4">
   <subfield code="a">Physics and Astronomy</subfield>
   <subfield code="x">General and Others</subfield>
  </datafield>
 </record>