
 <record>
  <leader>-----nas-a2200000z--4500</leader>
  <controlfield tag="008">121016uuuuuuuuuxx-uu-|------u|----|eng-d</controlfield>
  <datafield tag="245" ind1="" ind2="0">
   <subfield code="a">CELSS JOURNAL</subfield>
  </datafield>
  <datafield tag="260" ind1="" ind2="">
   <subfield code="a">Sakai, Osaka</subfield>
   <subfield code="b">CELSS Kenkyūkai</subfield>
  </datafield>
  <datafield tag="022" ind1="" ind2="">
   <subfield code="a">0915-4353</subfield>
  </datafield>
  <datafield tag="776" ind1="" ind2="">
   <subfield code="x">1884-4669</subfield>
  </datafield>
  <datafield tag="090" ind1="" ind2="">
   <subfield code="a">110978979780879</subfield>
  </datafield>
  <datafield tag="866" ind1="" ind2="">
   <subfield code="a">Available from 1989 volume: 1 issue: 1 until 2000 volume: 13 issue: 2. </subfield>
   <subfield code="s">1000000000002132</subfield>
   <subfield code="t">1000000000001480</subfield>
   <subfield code="x">JST Journal@rchive:Full Text</subfield>
   <subfield code="z">2670000000196155</subfield>
  </datafield>
 </record>