
 <record>
  <leader>-----nas-a2200000z--4500</leader>
  <controlfield tag="008">121016uuuuuuuuuxx-uu-|------u|----|jpn-d</controlfield>
  <datafield tag="245" ind1="" ind2="">
   <subfield code="a">比較生理生化学</subfield>
  </datafield>
  <datafield tag="246" ind1="" ind2="">
   <subfield code="a">COMPARATIVE PHYSIOLOGY AND BIOCHEMISTRY</subfield>
  </datafield>
  <datafield tag="246" ind1="" ind2="">
   <subfield code="a">HIKAKU SEIRI SEIKAGAKU</subfield>
  </datafield>
  <datafield tag="246" ind1="" ind2="">
   <subfield code="a">HIKAKUSEIRISEIKAGAKU</subfield>
  </datafield>
  <datafield tag="260" ind1="" ind2="">
   <subfield code="a">Tōkyō</subfield>
   <subfield code="b">日本比較生理生化学会</subfield>
  </datafield>
  <datafield tag="022" ind1="" ind2="">
   <subfield code="a">0916-3786</subfield>
  </datafield>
  <datafield tag="776" ind1="" ind2="">
   <subfield code="x">1881-9346</subfield>
  </datafield>
  <datafield tag="090" ind1="" ind2="">
   <subfield code="a">110978979781041</subfield>
  </datafield>
  <datafield tag="945" ind1="" ind2="">
   <subfield code="m">ヒカクセイリセイカガク</subfield>
   <subfield code="s">ひ か く せ い り せ い か か く</subfield>
  </datafield>
  <datafield tag="866" ind1="" ind2="">
   <subfield code="a">Available from 1990 volume: 7 issue: 1 until 2005 volume: 22 issue: 4. </subfield>
   <subfield code="s">1000000000002132</subfield>
   <subfield code="t">1000000000001480</subfield>
   <subfield code="x">JST Journal@rchive:Full Text</subfield>
   <subfield code="z">2670000000290490</subfield>
  </datafield>
  <datafield tag="650" ind1="" ind2="4">
   <subfield code="a">Medicine and Health</subfield>
   <subfield code="x">Physiology</subfield>
  </datafield>
 </record>