
 <record>
  <leader>-----nas-a2200000z--4500</leader>
  <controlfield tag="008">121016uuuuuuuuuxx-uu-|------u|----|jpn-d</controlfield>
  <datafield tag="245" ind1="" ind2="0">
   <subfield code="a">堆積学研究</subfield>
  </datafield>
  <datafield tag="246" ind1="" ind2="">
   <subfield code="a">JOURNAL OF THE SEDIMENTOLOGICAL SOCIETY OF JAPAN</subfield>
  </datafield>
  <datafield tag="246" ind1="" ind2="">
   <subfield code="a">TAISEKIGAKUKENKYU</subfield>
  </datafield>
  <datafield tag="246" ind1="" ind2="">
   <subfield code="a">TAISEKIGAKU KENKYU</subfield>
  </datafield>
  <datafield tag="260" ind1="" ind2="">
   <subfield code="a">Fukuoka</subfield>
   <subfield code="b">Taisekigaku Kenkyūkai</subfield>
  </datafield>
  <datafield tag="022" ind1="" ind2="">
   <subfield code="a">1342-310X</subfield>
  </datafield>
  <datafield tag="776" ind1="" ind2="">
   <subfield code="x">1882-9457</subfield>
  </datafield>
  <datafield tag="090" ind1="" ind2="">
   <subfield code="a">110978979786077</subfield>
  </datafield>
  <datafield tag="945" ind1="" ind2="">
   <subfield code="m">タイセキガクケンキュウ</subfield>
   <subfield code="s">た い せ き か く け ん き ゆ う</subfield>
  </datafield>
  <datafield tag="866" ind1="" ind2="">
   <subfield code="a">Available from 1995 volume: 42 issue: 42 until 2005 volume: 62 issue: 62. </subfield>
   <subfield code="s">1000000000002132</subfield>
   <subfield code="t">1000000000001480</subfield>
   <subfield code="x">JST Journal@rchive:Full Text</subfield>
   <subfield code="z">3150000000000313</subfield>
  </datafield>
 </record>