
 <record>
  <leader>-----nas-a2200000z--4500</leader>
  <controlfield tag="008">121016uuuuuuuuuxx-uu-|------u|----|eng-d</controlfield>
  <datafield tag="245" ind1="" ind2="0">
   <subfield code="a">Journal of Atherosclerosis and Thrombosis</subfield>
  </datafield>
  <datafield tag="210" ind1="" ind2="">
   <subfield code="a">J. ATHEROSCLER. THROMB</subfield>
  </datafield>
  <datafield tag="210" ind1="" ind2="">
   <subfield code="a">J ATHEROSCLER THROMB</subfield>
  </datafield>
  <datafield tag="260" ind1="" ind2="">
   <subfield code="a">Tokyo</subfield>
   <subfield code="b">Japan Atherosclerosis Society</subfield>
  </datafield>
  <datafield tag="022" ind1="" ind2="">
   <subfield code="a">1340-3478</subfield>
  </datafield>
  <datafield tag="776" ind1="" ind2="">
   <subfield code="x">1880-3873</subfield>
  </datafield>
  <datafield tag="090" ind1="" ind2="">
   <subfield code="a">110978984081937</subfield>
  </datafield>
  <datafield tag="866" ind1="" ind2="">
   <subfield code="a">Available from 1994 volume: 1 issue: 1 until 2001 volume: 8 issue: 3. </subfield>
   <subfield code="s">1000000000002132</subfield>
   <subfield code="t">1000000000001480</subfield>
   <subfield code="x">JST Journal@rchive:Full Text</subfield>
   <subfield code="z">3150000000000476</subfield>
  </datafield>
  <datafield tag="650" ind1="" ind2="4">
   <subfield code="a">Medicine and Health</subfield>
   <subfield code="x">Nutrition and Dietetics</subfield>
  </datafield>
  <datafield tag="650" ind1="" ind2="4">
   <subfield code="a">Medicine and Health</subfield>
   <subfield code="x">Hematology</subfield>
  </datafield>
  <datafield tag="650" ind1="" ind2="4">
   <subfield code="a">Medicine and Health</subfield>
   <subfield code="x">Preventive Medicine</subfield>
  </datafield>
 </record>