
 <record>
  <leader>-----nas-a2200000z--4500</leader>
  <controlfield tag="008">121016uuuuuuuuuxx-uu-|------u|----|jpn-d</controlfield>
  <datafield tag="245" ind1="" ind2="0">
   <subfield code="a">薬学図書館</subfield>
  </datafield>
  <datafield tag="260" ind1="" ind2="">
   <subfield code="a">相模湖町</subfield>
   <subfield code="b">日本薬学図書館協議会</subfield>
  </datafield>
  <datafield tag="022" ind1="" ind2="">
   <subfield code="a">0386-2062</subfield>
  </datafield>
  <datafield tag="776" ind1="" ind2="">
   <subfield code="x">2186-070X</subfield>
  </datafield>
  <datafield tag="090" ind1="" ind2="">
   <subfield code="a">110979839329645</subfield>
  </datafield>
  <datafield tag="945" ind1="" ind2="">
   <subfield code="m">ヤクガクトショカン</subfield>
   <subfield code="s">や く か く と し よ か ん</subfield>
  </datafield>
  <datafield tag="866" ind1="" ind2="">
   <subfield code="a">Available from 1956 volume: 1 issue: 1 until 2008 volume: 53 issue: 4. </subfield>
   <subfield code="s">1000000000002132</subfield>
   <subfield code="t">1000000000001480</subfield>
   <subfield code="x">JST Journal@rchive:Full Text</subfield>
   <subfield code="z">2670000000290479</subfield>
  </datafield>
  <datafield tag="650" ind1="" ind2="4">
   <subfield code="a">Library and Information Sciences</subfield>
   <subfield code="x">General and Others</subfield>
  </datafield>
 </record>