
 <record>
  <leader>-----nas-a2200000z--4500</leader>
  <controlfield tag="008">121016uuuuuuuuuxx-uu-|------u|----|jpn-d</controlfield>
  <datafield tag="245" ind1="" ind2="0">
   <subfield code="a">Quarterly Journal of the Japan Welding Society</subfield>
  </datafield>
  <datafield tag="246" ind1="" ind2="">
   <subfield code="a">YOSETSU GAKKAI RONBUNSHU</subfield>
  </datafield>
  <datafield tag="246" ind1="" ind2="">
   <subfield code="a">Q J JPN WELD SOC</subfield>
  </datafield>
  <datafield tag="246" ind1="" ind2="">
   <subfield code="a">YOÌSETSU GAKKAI RONBUNSHUÌ</subfield>
  </datafield>
  <datafield tag="246" ind1="" ind2="">
   <subfield code="a">QUARTERLY JOURNAL OF THE JAPAN WELDING SOCIETY</subfield>
  </datafield>
  <datafield tag="246" ind1="" ind2="">
   <subfield code="a">YOUSETSUGAKKAIRONBUNSHUU</subfield>
  </datafield>
  <datafield tag="260" ind1="" ind2="">
   <subfield code="a">Tōkyō</subfield>
   <subfield code="b">社団法人　溶接学会</subfield>
  </datafield>
  <datafield tag="022" ind1="" ind2="">
   <subfield code="a">0288-4771</subfield>
  </datafield>
  <datafield tag="090" ind1="" ind2="">
   <subfield code="a">110985646089663</subfield>
  </datafield>
  <datafield tag="945" ind1="" ind2="">
   <subfield code="m">ヨウセツガッカイロンブンシュウ</subfield>
   <subfield code="s">よ う せ つ か つ か い ろ ん ふ ん し ゆ う</subfield>
  </datafield>
  <datafield tag="866" ind1="" ind2="">
   <subfield code="a">Available from 1983 volume: 1 issue: 1 until 2001 volume: 19 issue: 4. </subfield>
   <subfield code="s">1000000000002132</subfield>
   <subfield code="t">1000000000001480</subfield>
   <subfield code="x">JST Journal@rchive:Full Text</subfield>
   <subfield code="z">1000000002071917</subfield>
  </datafield>
  <datafield tag="650" ind1="" ind2="4">
   <subfield code="a">Materials Science, Biomaterials and Metallurgy</subfield>
   <subfield code="x">Treatment &amp; Finishing</subfield>
  </datafield>
  <datafield tag="650" ind1="" ind2="4">
   <subfield code="a">Materials Science, Biomaterials and Metallurgy</subfield>
   <subfield code="x">Metals, Minerals, Ores &amp; Alloys</subfield>
  </datafield>
  <datafield tag="650" ind1="" ind2="4">
   <subfield code="a">Materials Science, Biomaterials and Metallurgy</subfield>
   <subfield code="x">Melting, Coating, Powder Metallurgy</subfield>
  </datafield>
  <datafield tag="650" ind1="" ind2="4">
   <subfield code="a">Materials Science, Biomaterials and Metallurgy</subfield>
   <subfield code="x">Extractive Metallurgy</subfield>
  </datafield>
 </record>