
 <record>
  <leader>-----nas-a2200000z--4500</leader>
  <controlfield tag="008">121016uuuuuuuuuxx-uu-|------u|----|jpn-d</controlfield>
  <datafield tag="245" ind1="" ind2="">
   <subfield code="a">Journal of the Japanese Association for Petroleum Technology</subfield>
  </datafield>
  <datafield tag="246" ind1="" ind2="">
   <subfield code="a">JOURNAL OF THE JAPANESE ASSOCIATION FOR PETROLEUM TECHNOLOGY</subfield>
  </datafield>
  <datafield tag="246" ind1="" ind2="">
   <subfield code="a">SEKIYU GIJYUTSU KYOKAISHI</subfield>
  </datafield>
  <datafield tag="260" ind1="" ind2="">
   <subfield code="a">Tokyo</subfield>
   <subfield code="b">石油技術協会</subfield>
  </datafield>
  <datafield tag="022" ind1="" ind2="">
   <subfield code="a">0370-9868</subfield>
  </datafield>
  <datafield tag="776" ind1="" ind2="">
   <subfield code="x">1881-4131</subfield>
  </datafield>
  <datafield tag="090" ind1="" ind2="">
   <subfield code="a">110985822454898</subfield>
  </datafield>
  <datafield tag="945" ind1="" ind2="">
   <subfield code="m">セキユギジュツキョウカイシ</subfield>
   <subfield code="s">せ き ゆ き し ゆ つ き よ う か い し</subfield>
  </datafield>
  <datafield tag="866" ind1="" ind2="">
   <subfield code="a">Available from 1933 volume: 1 issue: 1 until 2004 volume: 69 issue: 6. </subfield>
   <subfield code="s">1000000000002132</subfield>
   <subfield code="t">1000000000001480</subfield>
   <subfield code="x">JST Journal@rchive:Full Text</subfield>
   <subfield code="z">1000000002071760</subfield>
  </datafield>
 </record>