
 <record>
  <leader>-----nas-a2200000z--4500</leader>
  <controlfield tag="008">121016uuuuuuuuuxx-uu-|------u|----|jpn-d</controlfield>
  <datafield tag="245" ind1="" ind2="0">
   <subfield code="a">Geoinformatics</subfield>
  </datafield>
  <datafield tag="246" ind1="" ind2="">
   <subfield code="a">GEOINFORMATICS</subfield>
  </datafield>
  <datafield tag="246" ind1="" ind2="">
   <subfield code="a">GEOLOGICAL DATA PROCESSING</subfield>
  </datafield>
  <datafield tag="246" ind1="" ind2="">
   <subfield code="a">JYOHOCHISHITSU</subfield>
  </datafield>
  <datafield tag="246" ind1="" ind2="">
   <subfield code="a">JOUHOUCHISHITSU</subfield>
  </datafield>
  <datafield tag="260" ind1="" ind2="">
   <subfield code="b">日本情報地質学会</subfield>
  </datafield>
  <datafield tag="022" ind1="" ind2="">
   <subfield code="a">0388-502X</subfield>
  </datafield>
  <datafield tag="776" ind1="" ind2="">
   <subfield code="x">1347-541X</subfield>
  </datafield>
  <datafield tag="090" ind1="" ind2="">
   <subfield code="a">110985822455500</subfield>
  </datafield>
  <datafield tag="945" ind1="" ind2="">
   <subfield code="m">ジョウホウチシツ</subfield>
   <subfield code="s">し よ う ほ う ち し つ</subfield>
  </datafield>
  <datafield tag="866" ind1="" ind2="">
   <subfield code="a">Available from 1975 volume: 1975 issue: 1 until 1989 volume: 1989. </subfield>
   <subfield code="s">1000000000002132</subfield>
   <subfield code="t">1000000000001480</subfield>
   <subfield code="x">JST Journal@rchive:Full Text</subfield>
   <subfield code="z">2670000000150646</subfield>
  </datafield>
  <datafield tag="650" ind1="" ind2="4">
   <subfield code="a">Information Technology</subfield>
   <subfield code="x">Software Engineering</subfield>
  </datafield>
  <datafield tag="650" ind1="" ind2="4">
   <subfield code="a">Information Technology</subfield>
   <subfield code="x">Modelling &amp; Simulation</subfield>
  </datafield>
  <datafield tag="650" ind1="" ind2="4">
   <subfield code="a">Earth Sciences and Geology</subfield>
   <subfield code="x">General and Others</subfield>
  </datafield>
  <datafield tag="650" ind1="" ind2="4">
   <subfield code="a">Mathematics</subfield>
   <subfield code="x">Mathematical Analysis &amp; Logic</subfield>
  </datafield>
 </record>