
 <record>
  <leader>-----nas-a2200000z--4500</leader>
  <controlfield tag="008">121016uuuuuuuuuxx-uu-|------u|----|eng-d</controlfield>
  <datafield tag="245" ind1="" ind2="0">
   <subfield code="a">JSME international journal. Series C, Mechanical systems, machine elements and manufacturing</subfield>
  </datafield>
  <datafield tag="210" ind1="" ind2="">
   <subfield code="a">JSME INTERNATIONAL JOURNAL SERIES C MECHANICAL SYSTEMS MACHINE ELEMENTS AND</subfield>
  </datafield>
  <datafield tag="210" ind1="" ind2="">
   <subfield code="a">JSME INTERNATIONAL JOURNAL SERIES C</subfield>
  </datafield>
  <datafield tag="210" ind1="" ind2="">
   <subfield code="a">JSME INTERNATIONAL JOURNAL, SERIES C</subfield>
  </datafield>
  <datafield tag="260" ind1="" ind2="">
   <subfield code="a">Tokyo, Japan</subfield>
   <subfield code="b">Japan Society of Mechanical Engineers</subfield>
  </datafield>
  <datafield tag="022" ind1="" ind2="">
   <subfield code="a">1344-7653</subfield>
  </datafield>
  <datafield tag="776" ind1="" ind2="">
   <subfield code="x">1347-538X</subfield>
  </datafield>
  <datafield tag="090" ind1="" ind2="">
   <subfield code="a">111006469456932</subfield>
  </datafield>
  <datafield tag="866" ind1="" ind2="">
   <subfield code="a">Available from 1997 volume: 40 issue: 2 until 2000 volume: 43 issue: 4. </subfield>
   <subfield code="s">1000000000002132</subfield>
   <subfield code="t">1000000000001480</subfield>
   <subfield code="x">JST Journal@rchive:Full Text</subfield>
   <subfield code="z">1000000002071730</subfield>
  </datafield>
  <datafield tag="650" ind1="" ind2="4">
   <subfield code="a">Engineering</subfield>
   <subfield code="x">Mechanical Engineering</subfield>
  </datafield>
  <datafield tag="650" ind1="" ind2="4">
   <subfield code="a">Materials Science, Biomaterials and Metallurgy</subfield>
   <subfield code="x">General and Others</subfield>
  </datafield>
 </record>