
 <record>
  <leader>-----nas-a2200000z--4500</leader>
  <controlfield tag="008">121016uuuuuuuuuxx-uu-|------u|----|jpn-d</controlfield>
  <datafield tag="245" ind1="" ind2="0">
   <subfield code="a">てんかん研究</subfield>
  </datafield>
  <datafield tag="246" ind1="" ind2="">
   <subfield code="a">JOURNAL OF THE JAPAN EPILEPSY SOCIETY</subfield>
  </datafield>
  <datafield tag="246" ind1="" ind2="">
   <subfield code="a">tenkan kenkyu</subfield>
  </datafield>
  <datafield tag="246" ind1="" ind2="">
   <subfield code="a">TENKANKENKYUU</subfield>
  </datafield>
  <datafield tag="260" ind1="" ind2="">
   <subfield code="a">Tōkyō-to, Kodaira-shi</subfield>
   <subfield code="b">日本てんかん学会</subfield>
  </datafield>
  <datafield tag="022" ind1="" ind2="">
   <subfield code="a">0912-0890</subfield>
  </datafield>
  <datafield tag="776" ind1="" ind2="">
   <subfield code="x">1347-5509</subfield>
  </datafield>
  <datafield tag="090" ind1="" ind2="">
   <subfield code="a">111054751707002</subfield>
  </datafield>
  <datafield tag="945" ind1="" ind2="">
   <subfield code="m">テンカンケンキュウ</subfield>
   <subfield code="s">て ん か ん け ん き ゆ う</subfield>
  </datafield>
  <datafield tag="866" ind1="" ind2="">
   <subfield code="a">Available from 1983 volume: 1 issue: 1 until 2000 volume: 18 issue: 2. </subfield>
   <subfield code="s">1000000000002132</subfield>
   <subfield code="t">1000000000001480</subfield>
   <subfield code="x">JST Journal@rchive:Full Text</subfield>
   <subfield code="z">2670000000204792</subfield>
  </datafield>
  <datafield tag="650" ind1="" ind2="4">
   <subfield code="a">Medicine and Health</subfield>
   <subfield code="x">Neurology</subfield>
  </datafield>
 </record>