
 <record>
  <leader>-----nas-a2200000z--4500</leader>
  <controlfield tag="008">121016uuuuuuuuuxx-uu-|------u|----|jpn-d</controlfield>
  <datafield tag="245" ind1="" ind2="0">
   <subfield code="a">電気学会論文誌Ｅ（センサ・マイクロマシン部門誌）</subfield>
  </datafield>
  <datafield tag="246" ind1="" ind2="">
   <subfield code="a">IEEJ TRANSACTIONS ON SENSORS AND MICROMACHINES</subfield>
  </datafield>
  <datafield tag="246" ind1="" ind2="">
   <subfield code="a">denki gakkai ronbunshi E sensa maikuro mashin bumonshi</subfield>
  </datafield>
  <datafield tag="260" ind1="" ind2="">
   <subfield code="b">社団法人 電気学会</subfield>
  </datafield>
  <datafield tag="022" ind1="" ind2="">
   <subfield code="a">1341-8939</subfield>
  </datafield>
  <datafield tag="776" ind1="" ind2="">
   <subfield code="x">1347-5525</subfield>
  </datafield>
  <datafield tag="090" ind1="" ind2="">
   <subfield code="a">111054751708008</subfield>
  </datafield>
  <datafield tag="945" ind1="" ind2="">
   <subfield code="m">デンキガッカイロンブンシEセンサマイクロマシンブモンシ</subfield>
   <subfield code="s">て ん き か つ か い ろ ん ふ ん し E せ ん さ ま い く ろ ま し ん ふ も ん し</subfield>
  </datafield>
  <datafield tag="866" ind1="" ind2="">
   <subfield code="a">Available from 1995 volume: 115 issue: 1 until 2001 volume: 121 issue: 12. </subfield>
   <subfield code="s">1000000000002132</subfield>
   <subfield code="t">1000000000001480</subfield>
   <subfield code="x">JST Journal@rchive:Full Text</subfield>
   <subfield code="z">1000000002071734</subfield>
  </datafield>
  <datafield tag="650" ind1="" ind2="4">
   <subfield code="a">Engineering</subfield>
   <subfield code="x">Electronics</subfield>
  </datafield>
  <datafield tag="650" ind1="" ind2="4">
   <subfield code="a">Chemistry</subfield>
   <subfield code="x">Applied Chemistry</subfield>
  </datafield>
  <datafield tag="650" ind1="" ind2="4">
   <subfield code="a">Telecommunications Technology</subfield>
   <subfield code="x">General and Others</subfield>
  </datafield>
  <datafield tag="650" ind1="" ind2="4">
   <subfield code="a">Engineering</subfield>
   <subfield code="x">Instrumentation</subfield>
  </datafield>
  <datafield tag="650" ind1="" ind2="4">
   <subfield code="a">Physics and Astronomy</subfield>
   <subfield code="x">Ultrasonic</subfield>
  </datafield>
  <datafield tag="650" ind1="" ind2="4">
   <subfield code="a">Physics and Astronomy</subfield>
   <subfield code="x">Optics &amp; Opto Electronics</subfield>
  </datafield>
 </record>