
 <record>
  <leader>-----nas-a2200000z--4500</leader>
  <controlfield tag="008">121016uuuuuuuuuxx-uu-|------u|----|jpn-d</controlfield>
  <datafield tag="245" ind1="" ind2="0">
   <subfield code="a">Journal of pesticide science</subfield>
  </datafield>
  <datafield tag="246" ind1="" ind2="">
   <subfield code="a">J PESTIC SCI</subfield>
  </datafield>
  <datafield tag="246" ind1="" ind2="">
   <subfield code="a">NIHONNOUYAKUGAKKAISHI（JOURNAL OF PESTICIDE SCIENCE）</subfield>
  </datafield>
  <datafield tag="260" ind1="" ind2="">
   <subfield code="a">Toukyou</subfield>
   <subfield code="b">Pesticide Science Society of Japan</subfield>
  </datafield>
  <datafield tag="022" ind1="" ind2="">
   <subfield code="a">1348-589X</subfield>
  </datafield>
  <datafield tag="776" ind1="" ind2="">
   <subfield code="x">1349-0923</subfield>
  </datafield>
  <datafield tag="090" ind1="" ind2="">
   <subfield code="a">111087929276000</subfield>
  </datafield>
  <datafield tag="945" ind1="" ind2="">
   <subfield code="m">ニホンノウヤクガッカイシ（Journal of Pesticide Science）</subfield>
   <subfield code="s">に ほ ん の う や く か つ か い し JOURNAL OF PESTICIDE SCIENCE</subfield>
  </datafield>
  <datafield tag="866" ind1="" ind2="">
   <subfield code="a">Available from 1975 volume: 1975 until 2002 volume: 27 issue: 4. </subfield>
   <subfield code="s">1000000000002132</subfield>
   <subfield code="t">1000000000001480</subfield>
   <subfield code="x">JST Journal@rchive:Full Text</subfield>
   <subfield code="z">2670000000196160</subfield>
  </datafield>
  <datafield tag="650" ind1="" ind2="4">
   <subfield code="a">Agriculture Sciences</subfield>
   <subfield code="x">Agricultural Biotechnology</subfield>
  </datafield>
 </record>