
 <record>
  <leader>-----nas-a2200000z--4500</leader>
  <controlfield tag="008">121016uuuuuuuuuxx-uu-|------u|----|jpn-d</controlfield>
  <datafield tag="245" ind1="" ind2="">
   <subfield code="a">口腔・咽頭科</subfield>
  </datafield>
  <datafield tag="210" ind1="" ind2="">
   <subfield code="a">コウコウイントウ</subfield>
  </datafield>
  <datafield tag="246" ind1="" ind2="">
   <subfield code="a">KOKO・INTOKA</subfield>
  </datafield>
  <datafield tag="246" ind1="" ind2="">
   <subfield code="a">koku intoka</subfield>
  </datafield>
  <datafield tag="246" ind1="" ind2="">
   <subfield code="a">KOUKOU・INTOUKA</subfield>
  </datafield>
  <datafield tag="260" ind1="" ind2="">
   <subfield code="a">Tōkyō</subfield>
   <subfield code="b">日本口腔・咽頭科学会</subfield>
  </datafield>
  <datafield tag="022" ind1="" ind2="">
   <subfield code="a">0917-5105</subfield>
  </datafield>
  <datafield tag="776" ind1="" ind2="">
   <subfield code="x">1884-4316</subfield>
  </datafield>
  <datafield tag="090" ind1="" ind2="">
   <subfield code="a">111088195186158</subfield>
  </datafield>
  <datafield tag="945" ind1="" ind2="">
   <subfield code="m">コウコウ・イントウカ</subfield>
   <subfield code="s">こ う こ う い ん と う か</subfield>
  </datafield>
  <datafield tag="866" ind1="" ind2="">
   <subfield code="a">Available from 1989 volume: 1 until 2008 volume: 21 issue: 1. </subfield>
   <subfield code="s">1000000000002132</subfield>
   <subfield code="t">1000000000001480</subfield>
   <subfield code="x">JST Journal@rchive:Full Text</subfield>
   <subfield code="z">2550000000060860</subfield>
  </datafield>
 </record>