
 <record>
  <leader>-----nas-a2200000z--4500</leader>
  <controlfield tag="008">121016uuuuuuuuuxx-uu-|------u|----|jpn-d</controlfield>
  <datafield tag="245" ind1="" ind2="0">
   <subfield code="a">炭素</subfield>
  </datafield>
  <datafield tag="246" ind1="" ind2="">
   <subfield code="a">TANSO</subfield>
  </datafield>
  <datafield tag="260" ind1="" ind2="">
   <subfield code="a">Tōkyō-to</subfield>
   <subfield code="b">Tanso Zairyō Kenkyūkai</subfield>
  </datafield>
  <datafield tag="022" ind1="" ind2="">
   <subfield code="a">0371-5345</subfield>
  </datafield>
  <datafield tag="776" ind1="" ind2="">
   <subfield code="x">1884-5495</subfield>
  </datafield>
  <datafield tag="090" ind1="" ind2="">
   <subfield code="a">991042723434386</subfield>
  </datafield>
  <datafield tag="945" ind1="" ind2="">
   <subfield code="m">タンソ</subfield>
   <subfield code="s">た ん そ</subfield>
  </datafield>
  <datafield tag="866" ind1="" ind2="">
   <subfield code="a">Available from 1949 volume: 1 issue: 1 until 2008 volume: 2008 issue: 235. </subfield>
   <subfield code="s">1000000000002132</subfield>
   <subfield code="t">1000000000001480</subfield>
   <subfield code="x">JST Journal@rchive:Full Text</subfield>
   <subfield code="z">2550000000060816</subfield>
  </datafield>
 </record>