
 <record>
  <leader>-----nas-a2200000z--4500</leader>
  <controlfield tag="008">121016uuuuuuuuuxx-uu-|------u|----|jpn-d</controlfield>
  <datafield tag="245" ind1="" ind2="0">
   <subfield code="a">日本古生物学会報告・紀事 新篇</subfield>
  </datafield>
  <datafield tag="210" ind1="" ind2="">
   <subfield code="a">にほんこせいぶつがっかいほうこくきのごとしんぺん</subfield>
  </datafield>
  <datafield tag="260" ind1="" ind2="">
   <subfield code="a">東京</subfield>
   <subfield code="b">日本古生物学会</subfield>
  </datafield>
  <datafield tag="022" ind1="" ind2="">
   <subfield code="a">0031-0204</subfield>
  </datafield>
  <datafield tag="776" ind1="" ind2="">
   <subfield code="x">2186-0955</subfield>
  </datafield>
  <datafield tag="090" ind1="" ind2="">
   <subfield code="a">991042724213996</subfield>
  </datafield>
  <datafield tag="945" ind1="" ind2="">
   <subfield code="m">ニッポンコセイブツガクカイホウコクキジシンペン</subfield>
   <subfield code="s">に つ ほ ん こ せ い ふ つ か く か い ほ う こ く き し し ん へ ん</subfield>
  </datafield>
  <datafield tag="866" ind1="" ind2="">
   <subfield code="a">Available from 1935 volume: 1935 issue: 1 until 1950 volume: 1950 issue: 32. </subfield>
   <subfield code="s">1000000000002132</subfield>
   <subfield code="t">1000000000001480</subfield>
   <subfield code="x">JST Journal@rchive:Full Text</subfield>
   <subfield code="z">2670000000184966</subfield>
  </datafield>
  <datafield tag="650" ind1="" ind2="4">
   <subfield code="a">Earth Sciences and Geology</subfield>
   <subfield code="x">Geology</subfield>
  </datafield>
 </record>