
 <record>
  <leader>-----nas-a2200000z--4500</leader>
  <controlfield tag="008">121016uuuuuuuuuxx-uu-|------u|----|jpn-d</controlfield>
  <datafield tag="245" ind1="" ind2="">
   <subfield code="a">家政学雑誌</subfield>
  </datafield>
  <datafield tag="246" ind1="" ind2="">
   <subfield code="a">JOURNAL OF HOME ECONOMICS OF JAPAN</subfield>
  </datafield>
  <datafield tag="260" ind1="" ind2="">
   <subfield code="a">Tōkyō</subfield>
   <subfield code="b">Nihon Kasei Gakkai</subfield>
  </datafield>
  <datafield tag="022" ind1="" ind2="">
   <subfield code="a">0449-9069</subfield>
  </datafield>
  <datafield tag="776" ind1="" ind2="">
   <subfield code="x">1884-7870</subfield>
  </datafield>
  <datafield tag="090" ind1="" ind2="">
   <subfield code="a">991042726133786</subfield>
  </datafield>
  <datafield tag="945" ind1="" ind2="">
   <subfield code="m">カセイガクザッシ</subfield>
   <subfield code="s">か せ い か く さ つ し</subfield>
  </datafield>
  <datafield tag="866" ind1="" ind2="">
   <subfield code="a">Available from 1951 volume: 1 issue: 1 until 1986 volume: 37 issue: 12. </subfield>
   <subfield code="s">1000000000002132</subfield>
   <subfield code="t">1000000000001480</subfield>
   <subfield code="x">JST Journal@rchive:Full Text</subfield>
   <subfield code="z">3150000000000168</subfield>
  </datafield>
 </record>