
 <record>
  <leader>-----nas-a2200000z--4500</leader>
  <controlfield tag="008">121016uuuuuuuuuxx-uu-|------u|----|jpn-d</controlfield>
  <datafield tag="245" ind1="" ind2="0">
   <subfield code="a">法哲学年報</subfield>
  </datafield>
  <datafield tag="246" ind1="" ind2="">
   <subfield code="a">HOUTETSUGAKUNENPOU</subfield>
  </datafield>
  <datafield tag="260" ind1="" ind2="">
   <subfield code="a">Tōkyō-to</subfield>
   <subfield code="b">Yūhikaku</subfield>
  </datafield>
  <datafield tag="022" ind1="" ind2="">
   <subfield code="a">0387-2890</subfield>
  </datafield>
  <datafield tag="090" ind1="" ind2="">
   <subfield code="a">991042726970312</subfield>
  </datafield>
  <datafield tag="945" ind1="" ind2="">
   <subfield code="m">ホウテツガクネンポウ</subfield>
   <subfield code="s">ほ う て つ か く ね ん ほ う</subfield>
  </datafield>
  <datafield tag="866" ind1="" ind2="">
   <subfield code="a">Available from 1953 until 2007 volume: 2006. </subfield>
   <subfield code="s">1000000000002132</subfield>
   <subfield code="t">1000000000001480</subfield>
   <subfield code="x">JST Journal@rchive:Full Text</subfield>
   <subfield code="z">1000000002071924</subfield>
  </datafield>
 </record>