
 <record>
  <leader>-----nas-a2200000z--4500</leader>
  <controlfield tag="008">121016uuuuuuuuuxx-uu-|------u|----|jpn-d</controlfield>
  <datafield tag="245" ind1="" ind2="">
   <subfield code="a">山階鳥類研究所研究報告</subfield>
  </datafield>
  <datafield tag="210" ind1="" ind2="">
   <subfield code="a">ヤマシナチョウルイケンキュウジョケンキュウホウコ</subfield>
  </datafield>
  <datafield tag="246" ind1="" ind2="">
   <subfield code="a">MISCELLANEOUS REPORTS OF THE YAMASHINA'S INSTITUTE FOR ORNITHOLOGY AND ZOOLOGY</subfield>
  </datafield>
  <datafield tag="260" ind1="" ind2="">
   <subfield code="a">Chiba-ken Abiko-shi</subfield>
   <subfield code="b">Yamashina Chōrui Kenkyūjo</subfield>
  </datafield>
  <datafield tag="022" ind1="" ind2="">
   <subfield code="a">0044-0183</subfield>
  </datafield>
  <datafield tag="090" ind1="" ind2="">
   <subfield code="a">991042727945108</subfield>
  </datafield>
  <datafield tag="945" ind1="" ind2="">
   <subfield code="m">ヤマシナチョウルイケンキュウジョケンキュウホウコク</subfield>
   <subfield code="s">や ま し な ち よ う る い け ん き ゆ う し よ け ん き ゆ う ほ う こ く</subfield>
  </datafield>
  <datafield tag="866" ind1="" ind2="">
   <subfield code="a">Available from 1952 volume: 1 issue: 1 until 2003 volume: 34 issue: 2. </subfield>
   <subfield code="s">1000000000002132</subfield>
   <subfield code="t">1000000000001480</subfield>
   <subfield code="x">JST Journal@rchive:Full Text</subfield>
   <subfield code="z">1000000001861007</subfield>
  </datafield>
  <datafield tag="650" ind1="" ind2="4">
   <subfield code="a">Biology and Life Sciences</subfield>
   <subfield code="x">Zoology</subfield>
  </datafield>
 </record>