
 <record>
  <leader>-----nas-a2200000z--4500</leader>
  <controlfield tag="008">121016uuuuuuuuuxx-uu-|------u|----|jpn-d</controlfield>
  <datafield tag="010" ind1="" ind2="">
   <subfield code="a">  2002209362</subfield>
  </datafield>
  <datafield tag="245" ind1="" ind2="0">
   <subfield code="a">南アジア研究</subfield>
  </datafield>
  <datafield tag="246" ind1="" ind2="">
   <subfield code="a">MINAMIAJIAKENKYUU</subfield>
  </datafield>
  <datafield tag="260" ind1="" ind2="">
   <subfield code="a">東京</subfield>
   <subfield code="b">日本南アジア学会</subfield>
  </datafield>
  <datafield tag="022" ind1="" ind2="">
   <subfield code="a">0915-5643</subfield>
  </datafield>
  <datafield tag="776" ind1="" ind2="">
   <subfield code="x">2185-2146</subfield>
  </datafield>
  <datafield tag="090" ind1="" ind2="">
   <subfield code="a">991042728044134</subfield>
  </datafield>
  <datafield tag="945" ind1="" ind2="">
   <subfield code="m">ミナミアジアケンキュウ</subfield>
   <subfield code="s">み な み あ し あ け ん き ゆ う</subfield>
  </datafield>
  <datafield tag="866" ind1="" ind2="">
   <subfield code="a">Available from 1989 volume: 1989 issue: 1 until 2008 volume: 2008 issue: 20. </subfield>
   <subfield code="s">1000000000002132</subfield>
   <subfield code="t">1000000000001480</subfield>
   <subfield code="x">JST Journal@rchive:Full Text</subfield>
   <subfield code="z">2670000000290487</subfield>
  </datafield>
 </record>