
 <record>
  <leader>-----nas-a2200000z--4500</leader>
  <controlfield tag="008">121016uuuuuuuuuxx-uu-|------u|----|jpn-d</controlfield>
  <datafield tag="245" ind1="" ind2="0">
   <subfield code="a">公共選択の研究</subfield>
  </datafield>
  <datafield tag="246" ind1="" ind2="">
   <subfield code="a">KOUKYOUSENTAKUNOKENKYUU</subfield>
  </datafield>
  <datafield tag="260" ind1="" ind2="">
   <subfield code="a">Tōkyō</subfield>
   <subfield code="b">Gendai Keizai Kenkyūjo :</subfield>
  </datafield>
  <datafield tag="022" ind1="" ind2="">
   <subfield code="a">0286-9624</subfield>
  </datafield>
  <datafield tag="776" ind1="" ind2="">
   <subfield code="x">1884-6483</subfield>
  </datafield>
  <datafield tag="090" ind1="" ind2="">
   <subfield code="a">991042728766124</subfield>
  </datafield>
  <datafield tag="945" ind1="" ind2="">
   <subfield code="m">コウキョウセンタクノケンキュウ</subfield>
   <subfield code="s">こ う き よ う せ ん た く の け ん き ゆ う</subfield>
  </datafield>
  <datafield tag="866" ind1="" ind2="">
   <subfield code="a">Available from 1981 volume: 1981 issue: 1 until 2008 volume: 2008 issue: 51. </subfield>
   <subfield code="s">1000000000002132</subfield>
   <subfield code="t">1000000000001480</subfield>
   <subfield code="x">JST Journal@rchive:Full Text</subfield>
   <subfield code="z">2670000000150694</subfield>
  </datafield>
  <datafield tag="650" ind1="" ind2="4">
   <subfield code="a">Business and Economics</subfield>
   <subfield code="x">Economics</subfield>
  </datafield>
  <datafield tag="650" ind1="" ind2="4">
   <subfield code="a">Business and Economics</subfield>
   <subfield code="x">Business Management</subfield>
  </datafield>
 </record>