
 <record>
  <leader>-----nas-a2200000z--4500</leader>
  <controlfield tag="008">121016uuuuuuuuuxx-uu-|------u|----|jpn-d</controlfield>
  <datafield tag="245" ind1="" ind2="0">
   <subfield code="a">精密機械</subfield>
  </datafield>
  <datafield tag="246" ind1="" ind2="">
   <subfield code="a">SEIMITSUKIKAI</subfield>
  </datafield>
  <datafield tag="260" ind1="" ind2="">
   <subfield code="a">東京</subfield>
   <subfield code="b">精機学会</subfield>
  </datafield>
  <datafield tag="022" ind1="" ind2="">
   <subfield code="a">0374-3543</subfield>
  </datafield>
  <datafield tag="090" ind1="" ind2="">
   <subfield code="a">991042730707836</subfield>
  </datafield>
  <datafield tag="945" ind1="" ind2="">
   <subfield code="m">セイミツキカイ</subfield>
   <subfield code="s">せ い み つ き か い</subfield>
  </datafield>
  <datafield tag="866" ind1="" ind2="">
   <subfield code="a">Available from 1933 volume: 1 issue: 1 until 1985 volume: 51 issue: 12. </subfield>
   <subfield code="s">1000000000002132</subfield>
   <subfield code="t">1000000000001480</subfield>
   <subfield code="x">JST Journal@rchive:Full Text</subfield>
   <subfield code="z">1000000002071833</subfield>
  </datafield>
 </record>