
 <record>
  <leader>-----nas-a2200000z--4500</leader>
  <controlfield tag="008">121016uuuuuuuuuxx-uu-|------u|----|jpn-d</controlfield>
  <datafield tag="245" ind1="" ind2="0">
   <subfield code="a">流通</subfield>
  </datafield>
  <datafield tag="260" ind1="" ind2="">
   <subfield code="a">吹田</subfield>
   <subfield code="b">日本流通学会</subfield>
  </datafield>
  <datafield tag="022" ind1="" ind2="">
   <subfield code="a">0914-9937</subfield>
  </datafield>
  <datafield tag="090" ind1="" ind2="">
   <subfield code="a">991042730762212</subfield>
  </datafield>
  <datafield tag="945" ind1="" ind2="">
   <subfield code="m">リュウツウ</subfield>
   <subfield code="s">り ゆ う つ う</subfield>
  </datafield>
  <datafield tag="866" ind1="" ind2="">
   <subfield code="a">Available from 1988 volume: 1988 issue: 1 until 2008 volume: 2008 issue: 23. </subfield>
   <subfield code="s">1000000000002132</subfield>
   <subfield code="t">1000000000001480</subfield>
   <subfield code="x">JST Journal@rchive:Full Text</subfield>
   <subfield code="z">3150000000000364</subfield>
  </datafield>
  <datafield tag="650" ind1="" ind2="4">
   <subfield code="a">Business and Economics</subfield>
   <subfield code="x">Trade and Commerce</subfield>
  </datafield>
 </record>