
 <record>
  <leader>-----nas-a2200000z--4500</leader>
  <controlfield tag="008">121016uuuuuuuuuxx-uu-|------u|----|jpn-d</controlfield>
  <datafield tag="245" ind1="" ind2="0">
   <subfield code="a">東北地理</subfield>
  </datafield>
  <datafield tag="246" ind1="" ind2="">
   <subfield code="a">ANNALS OF THE TOHOKU GEOGRAPHICAL ASSOCIATION</subfield>
  </datafield>
  <datafield tag="246" ind1="" ind2="">
   <subfield code="a">TOUHOKUCHIRI</subfield>
  </datafield>
  <datafield tag="260" ind1="" ind2="">
   <subfield code="a">Sendai-shi</subfield>
   <subfield code="b">Tōhoku Kyōiku Tosho</subfield>
  </datafield>
  <datafield tag="022" ind1="" ind2="">
   <subfield code="a">0387-2777</subfield>
  </datafield>
  <datafield tag="776" ind1="" ind2="">
   <subfield code="x">1884-1244</subfield>
  </datafield>
  <datafield tag="090" ind1="" ind2="">
   <subfield code="a">991042731632656</subfield>
  </datafield>
  <datafield tag="945" ind1="" ind2="">
   <subfield code="m">トウホクチリ</subfield>
   <subfield code="s">と う ほ く ち り</subfield>
  </datafield>
  <datafield tag="866" ind1="" ind2="">
   <subfield code="a">Available from 1948 volume: 1 issue: 1 until 1991 volume: 43 issue: 4. </subfield>
   <subfield code="s">1000000000002132</subfield>
   <subfield code="t">1000000000001480</subfield>
   <subfield code="x">JST Journal@rchive:Full Text</subfield>
   <subfield code="z">2670000000150652</subfield>
  </datafield>
  <datafield tag="650" ind1="" ind2="4">
   <subfield code="a">Earth Sciences and Geology</subfield>
   <subfield code="x">Geography</subfield>
  </datafield>
 </record>