
 <record>
  <leader>-----nas-a2200000z--4500</leader>
  <controlfield tag="008">121016uuuuuuuuuxx-uu-|------u|----|jpn-d</controlfield>
  <datafield tag="245" ind1="" ind2="">
   <subfield code="a">日本土木史研究発表会論文集</subfield>
  </datafield>
  <datafield tag="246" ind1="" ind2="">
   <subfield code="a">NIPPONDOBOKUSHIKENKYUHAPPYOKAIROMBUNSHU</subfield>
  </datafield>
  <datafield tag="246" ind1="" ind2="">
   <subfield code="a">nippoNdobokushikeNkyuuhappyoukairoNbuNshuu</subfield>
  </datafield>
  <datafield tag="260" ind1="" ind2="">
   <subfield code="a">Tōkyō-to</subfield>
   <subfield code="b">Doboku Gakkai Nihon Dobokushi Kenkyū Iinkai</subfield>
  </datafield>
  <datafield tag="022" ind1="" ind2="">
   <subfield code="a">0913-4107</subfield>
  </datafield>
  <datafield tag="776" ind1="" ind2="">
   <subfield code="x">1884-8133</subfield>
  </datafield>
  <datafield tag="090" ind1="" ind2="">
   <subfield code="a">991042731668972</subfield>
  </datafield>
  <datafield tag="945" ind1="" ind2="">
   <subfield code="m">ニッポンドボクシケンキュウハッピョウカイロンブンシュウ</subfield>
   <subfield code="s">に つ ほ ん と ほ く し け ん き ゆ う は つ ひ よ う か い ろ ん ふ ん し ゆ う</subfield>
  </datafield>
  <datafield tag="866" ind1="" ind2="">
   <subfield code="a">Available from 1981 volume: 1 until 1989 volume: 9. </subfield>
   <subfield code="s">1000000000002132</subfield>
   <subfield code="t">1000000000001480</subfield>
   <subfield code="x">JST Journal@rchive:Full Text</subfield>
   <subfield code="z">2550000000060842</subfield>
  </datafield>
  <datafield tag="650" ind1="" ind2="4">
   <subfield code="a">Engineering</subfield>
   <subfield code="x">Civil Engineering</subfield>
  </datafield>
 </record>