
 <record>
  <leader>-----nas-a2200000z--4500</leader>
  <controlfield tag="008">121016uuuuuuuuuxx-uu-|------u|----|jpn-d</controlfield>
  <datafield tag="245" ind1="" ind2="">
   <subfield code="a">季刊地理学</subfield>
  </datafield>
  <datafield tag="246" ind1="" ind2="">
   <subfield code="a">QUARTERLY JOURNAL OF GEOGRAPHY</subfield>
  </datafield>
  <datafield tag="246" ind1="" ind2="">
   <subfield code="a">KIKANCHIRIGAKU</subfield>
  </datafield>
  <datafield tag="246" ind1="" ind2="">
   <subfield code="a">KIKAN CHIRIGAKU</subfield>
  </datafield>
  <datafield tag="260" ind1="" ind2="">
   <subfield code="a">Sendai-shi</subfield>
   <subfield code="b">Tōhoku Chiri Gakkai</subfield>
  </datafield>
  <datafield tag="022" ind1="" ind2="">
   <subfield code="a">0916-7889</subfield>
  </datafield>
  <datafield tag="776" ind1="" ind2="">
   <subfield code="x">1884-1252</subfield>
  </datafield>
  <datafield tag="090" ind1="" ind2="">
   <subfield code="a">991042731670002</subfield>
  </datafield>
  <datafield tag="945" ind1="" ind2="">
   <subfield code="m">キカンチリガク</subfield>
   <subfield code="s">き か ん ち り か く</subfield>
  </datafield>
  <datafield tag="866" ind1="" ind2="">
   <subfield code="a">Available from 1992 volume: 44 issue: 1 until 2008 volume: 60 issue: 4. </subfield>
   <subfield code="s">1000000000002132</subfield>
   <subfield code="t">1000000000001480</subfield>
   <subfield code="x">JST Journal@rchive:Full Text</subfield>
   <subfield code="z">2550000000060855</subfield>
  </datafield>
  <datafield tag="650" ind1="" ind2="4">
   <subfield code="a">Earth Sciences and Geology</subfield>
   <subfield code="x">Geography</subfield>
  </datafield>
 </record>