
 <record>
  <leader>-----nas-a2200000z--4500</leader>
  <controlfield tag="008">121016uuuuuuuuuxx-uu-|------u|----|eng-d</controlfield>
  <datafield tag="010" ind1="" ind2="">
   <subfield code="a">sn 79002572 </subfield>
  </datafield>
  <datafield tag="245" ind1="" ind2="0">
   <subfield code="a">neurologia medico-chirurgica</subfield>
  </datafield>
  <datafield tag="210" ind1="" ind2="">
   <subfield code="a">NEUROLOGIA MEDICO-CHIRURGICA. PART I</subfield>
  </datafield>
  <datafield tag="210" ind1="" ind2="">
   <subfield code="a">NEUROL MED CHIR (TOKYO)</subfield>
  </datafield>
  <datafield tag="210" ind1="" ind2="">
   <subfield code="a">NEUROLOGIA MEDICO-CHIRURGICA = シンケイ ゲカ</subfield>
  </datafield>
  <datafield tag="210" ind1="" ind2="">
   <subfield code="a">NEUROL. MED. CHIR. (TOKYO)</subfield>
  </datafield>
  <datafield tag="210" ind1="" ind2="">
   <subfield code="a">NEUROLOGIAMEDICO-CHIRURGICA</subfield>
  </datafield>
  <datafield tag="210" ind1="" ind2="">
   <subfield code="a">NEUROL MED-CHIR</subfield>
  </datafield>
  <datafield tag="260" ind1="" ind2="">
   <subfield code="a">Tokyo,</subfield>
   <subfield code="b">Japan Neurosurgical Society.</subfield>
  </datafield>
  <datafield tag="022" ind1="" ind2="">
   <subfield code="a">0470-8105</subfield>
  </datafield>
  <datafield tag="776" ind1="" ind2="">
   <subfield code="x">1349-8029</subfield>
  </datafield>
  <datafield tag="090" ind1="" ind2="">
   <subfield code="a">991042743104264</subfield>
  </datafield>
  <datafield tag="866" ind1="" ind2="">
   <subfield code="a">Available from 1959 volume: 1 issue: 1 until 1999 volume: 39 issue: 13. </subfield>
   <subfield code="s">1000000000002132</subfield>
   <subfield code="t">1000000000001480</subfield>
   <subfield code="x">JST Journal@rchive:Full Text</subfield>
   <subfield code="z">1000000000646876</subfield>
  </datafield>
  <datafield tag="650" ind1="" ind2="4">
   <subfield code="a">Medicine and Health</subfield>
   <subfield code="x">Neurology</subfield>
  </datafield>
  <datafield tag="650" ind1="" ind2="4">
   <subfield code="a">Medicine and Health</subfield>
   <subfield code="x">Surgery</subfield>
  </datafield>
 </record>