
 <record>
  <leader>-----nas-a2200000z--4500</leader>
  <controlfield tag="008">121016uuuuuuuuuxx-uu-|------u|----|jpn-d</controlfield>
  <datafield tag="245" ind1="" ind2="">
   <subfield code="a">九州病害虫研究会報</subfield>
  </datafield>
  <datafield tag="246" ind1="" ind2="">
   <subfield code="a">HO KYUSHU BYOGAICHU KENKYUKAI</subfield>
  </datafield>
  <datafield tag="246" ind1="" ind2="">
   <subfield code="a">KYUSHUBYOGAICHUKENKYUKAIHO</subfield>
  </datafield>
  <datafield tag="246" ind1="" ind2="">
   <subfield code="a">KYUSHU BYOGAICHU KENKYU KAIHO</subfield>
  </datafield>
  <datafield tag="260" ind1="" ind2="">
   <subfield code="a">Chikugo City,</subfield>
   <subfield code="b">Kyūshū Byōgaichu Kenkyūkai.</subfield>
  </datafield>
  <datafield tag="022" ind1="" ind2="">
   <subfield code="a">0385-6410</subfield>
  </datafield>
  <datafield tag="776" ind1="" ind2="">
   <subfield code="x">1884-0035</subfield>
  </datafield>
  <datafield tag="090" ind1="" ind2="">
   <subfield code="a">991042744477492</subfield>
  </datafield>
  <datafield tag="945" ind1="" ind2="">
   <subfield code="m">キュウシュウビョウガイチュウケンキュウカイホウ</subfield>
   <subfield code="s">き ゆ う し ゆ う ひ よ う か い ち ゆ う け ん き ゆ う か い ほ う</subfield>
  </datafield>
  <datafield tag="866" ind1="" ind2="">
   <subfield code="a">Available from 1955 volume: 1 until 2007 volume: 53. </subfield>
   <subfield code="s">1000000000002132</subfield>
   <subfield code="t">1000000000001480</subfield>
   <subfield code="x">JST Journal@rchive:Full Text</subfield>
   <subfield code="z">1000000002071888</subfield>
  </datafield>
 </record>