
 <record>
  <leader>-----nas-a2200000z--4500</leader>
  <controlfield tag="008">121016uuuuuuuuuxx-uu-|------u|----|jpn-d</controlfield>
  <datafield tag="245" ind1="" ind2="0">
   <subfield code="a">Mycotoxins</subfield>
  </datafield>
  <datafield tag="246" ind1="" ind2="">
   <subfield code="a">MYCOTOXINS</subfield>
  </datafield>
  <datafield tag="246" ind1="" ind2="">
   <subfield code="a">MAIKOTOKISHIN</subfield>
  </datafield>
  <datafield tag="246" ind1="" ind2="">
   <subfield code="a">MAIKOTO KISHIN</subfield>
  </datafield>
  <datafield tag="260" ind1="" ind2="">
   <subfield code="a">Tōkyō-to</subfield>
   <subfield code="b">日本マイコトキシン学会</subfield>
  </datafield>
  <datafield tag="022" ind1="" ind2="">
   <subfield code="a">0285-1466</subfield>
  </datafield>
  <datafield tag="776" ind1="" ind2="">
   <subfield code="x">1881-0128</subfield>
  </datafield>
  <datafield tag="090" ind1="" ind2="">
   <subfield code="a">991042745771584</subfield>
  </datafield>
  <datafield tag="945" ind1="" ind2="">
   <subfield code="m">マイコトキシン</subfield>
   <subfield code="s">ま い こ と き し ん</subfield>
  </datafield>
  <datafield tag="866" ind1="" ind2="">
   <subfield code="a">Available from 1975 volume: 1975 issue: 1 until 2006 volume: 2006. </subfield>
   <subfield code="s">1000000000002132</subfield>
   <subfield code="t">1000000000001480</subfield>
   <subfield code="x">JST Journal@rchive:Full Text</subfield>
   <subfield code="z">1000000002071874</subfield>
  </datafield>
 </record>