
 <record>
  <leader>-----nas-a2200000z--4500</leader>
  <controlfield tag="008">121016uuuuuuuuuxx-uu-|------u|----|jpn-d</controlfield>
  <datafield tag="245" ind1="" ind2="0">
   <subfield code="a">炎症</subfield>
  </datafield>
  <datafield tag="260" ind1="" ind2="">
   <subfield code="a">川崎</subfield>
   <subfield code="b">日本炎症学会</subfield>
  </datafield>
  <datafield tag="022" ind1="" ind2="">
   <subfield code="a">0389-4290</subfield>
  </datafield>
  <datafield tag="776" ind1="" ind2="">
   <subfield code="x">1884-4006</subfield>
  </datafield>
  <datafield tag="090" ind1="" ind2="">
   <subfield code="a">991042745812030</subfield>
  </datafield>
  <datafield tag="945" ind1="" ind2="">
   <subfield code="m">エンショウ</subfield>
   <subfield code="s">え ん し よ う</subfield>
  </datafield>
  <datafield tag="866" ind1="" ind2="">
   <subfield code="a">Available from 1980 volume: 1 issue: 1 until 2000 volume: 20 issue: 6. </subfield>
   <subfield code="s">1000000000002132</subfield>
   <subfield code="t">1000000000001480</subfield>
   <subfield code="x">JST Journal@rchive:Full Text</subfield>
   <subfield code="z">2670000000196164</subfield>
  </datafield>
 </record>