
 <record>
  <leader>-----nas-a2200000z--4500</leader>
  <controlfield tag="008">121016uuuuuuuuuxx-uu-|------u|----|jpn-d</controlfield>
  <datafield tag="245" ind1="" ind2="">
   <subfield code="a">真菌と真菌症</subfield>
  </datafield>
  <datafield tag="260" ind1="" ind2="">
   <subfield code="a">東京</subfield>
   <subfield code="b">日本医真菌学会</subfield>
  </datafield>
  <datafield tag="022" ind1="" ind2="">
   <subfield code="a">0583-0516</subfield>
  </datafield>
  <datafield tag="090" ind1="" ind2="">
   <subfield code="a">991042745829054</subfield>
  </datafield>
  <datafield tag="945" ind1="" ind2="">
   <subfield code="m">シンキントシンキンショウ</subfield>
   <subfield code="s">し ん き ん と し ん き ん し よ う</subfield>
  </datafield>
  <datafield tag="866" ind1="" ind2="">
   <subfield code="a">Available from 1960 volume: 1 issue: 1 until 1989 volume: 30 issue: 4. </subfield>
   <subfield code="s">1000000000002132</subfield>
   <subfield code="t">1000000000001480</subfield>
   <subfield code="x">JST Journal@rchive:Full Text</subfield>
   <subfield code="z">3150000000000331</subfield>
  </datafield>
  <datafield tag="650" ind1="" ind2="4">
   <subfield code="a">Agriculture Sciences</subfield>
   <subfield code="x">Soil Chemistry, Microbiology, Fertility &amp; Fertilizers</subfield>
  </datafield>
 </record>