
 <record>
  <leader>-----nas-a2200000z--4500</leader>
  <controlfield tag="008">121016uuuuuuuuuxx-uu-|------u|----|jpn-d</controlfield>
  <datafield tag="245" ind1="" ind2="">
   <subfield code="a">法社会学</subfield>
  </datafield>
  <datafield tag="246" ind1="" ind2="">
   <subfield code="a">SOCIOLOGY OF LAW</subfield>
  </datafield>
  <datafield tag="246" ind1="" ind2="">
   <subfield code="a">HOUSHAKAIGAKU</subfield>
  </datafield>
  <datafield tag="260" ind1="" ind2="">
   <subfield code="a">Tōkyō-to</subfield>
   <subfield code="b">Yūhikaku</subfield>
  </datafield>
  <datafield tag="022" ind1="" ind2="">
   <subfield code="a">0437-6161</subfield>
  </datafield>
  <datafield tag="090" ind1="" ind2="">
   <subfield code="a">991042748169960</subfield>
  </datafield>
  <datafield tag="945" ind1="" ind2="">
   <subfield code="m">ホウシャカイガク</subfield>
   <subfield code="s">ほ う し や か い か く</subfield>
  </datafield>
  <datafield tag="866" ind1="" ind2="">
   <subfield code="a">Available from 1951 volume: 1951 issue: 1 until 2005 volume: 2005 issue: 63. </subfield>
   <subfield code="s">1000000000002132</subfield>
   <subfield code="t">1000000000001480</subfield>
   <subfield code="x">JST Journal@rchive:Full Text</subfield>
   <subfield code="z">1000000002071897</subfield>
  </datafield>
 </record>