
 <record>
  <leader>-----nas-a2200000z--4500</leader>
  <controlfield tag="008">121016uuuuuuuuuxx-uu-|------u|----|jpn-d</controlfield>
  <datafield tag="245" ind1="" ind2="">
   <subfield code="a">法制史研究</subfield>
  </datafield>
  <datafield tag="246" ind1="" ind2="">
   <subfield code="a">LEGAL HISTORY REVIEW</subfield>
  </datafield>
  <datafield tag="246" ind1="" ind2="">
   <subfield code="a">HOUSEISHIKENKYUU</subfield>
  </datafield>
  <datafield tag="260" ind1="" ind2="">
   <subfield code="a">Tōkyō-to</subfield>
   <subfield code="b">Hōseishi Gakkai :</subfield>
  </datafield>
  <datafield tag="022" ind1="" ind2="">
   <subfield code="a">0441-2508</subfield>
  </datafield>
  <datafield tag="776" ind1="" ind2="">
   <subfield code="x">1883-5562</subfield>
  </datafield>
  <datafield tag="090" ind1="" ind2="">
   <subfield code="a">991042748169990</subfield>
  </datafield>
  <datafield tag="945" ind1="" ind2="">
   <subfield code="m">ホウセイシケンキュウ</subfield>
   <subfield code="s">ほ う せ い し け ん き ゆ う</subfield>
  </datafield>
  <datafield tag="866" ind1="" ind2="">
   <subfield code="a">Available from 1951 volume: 1951 issue: 1 until 2006 volume: 2006 issue: 56. </subfield>
   <subfield code="s">1000000000002132</subfield>
   <subfield code="t">1000000000001480</subfield>
   <subfield code="x">JST Journal@rchive:Full Text</subfield>
   <subfield code="z">2670000000230029</subfield>
  </datafield>
 </record>