
 <record>
  <leader>-----nas-a2200000z--4500</leader>
  <controlfield tag="008">121016uuuuuuuuuxx-uu-|------u|----|jpn-d</controlfield>
  <datafield tag="245" ind1="" ind2="">
   <subfield code="a">茶業研究報告</subfield>
  </datafield>
  <datafield tag="260" ind1="" ind2="">
   <subfield code="a">金谷町</subfield>
   <subfield code="b">日本茶業技術協会</subfield>
  </datafield>
  <datafield tag="022" ind1="" ind2="">
   <subfield code="a">0366-6190</subfield>
  </datafield>
  <datafield tag="090" ind1="" ind2="">
   <subfield code="a">991042749580670</subfield>
  </datafield>
  <datafield tag="945" ind1="" ind2="">
   <subfield code="m">チャギョウケンキュウホウコク</subfield>
   <subfield code="s">ち や き よ う け ん き ゆ う ほ う こ く</subfield>
  </datafield>
  <datafield tag="866" ind1="" ind2="">
   <subfield code="a">Available from 1953 volume: 1953 issue: 1 until 2007 volume: 2007. </subfield>
   <subfield code="s">1000000000002132</subfield>
   <subfield code="t">1000000000001480</subfield>
   <subfield code="x">JST Journal@rchive:Full Text</subfield>
   <subfield code="z">1000000002071835</subfield>
  </datafield>
 </record>