
 <record>
  <leader>-----nas-a2200000z--4500</leader>
  <controlfield tag="008">121016uuuuuuuuuxx-uu-|------u|----|jpn-d</controlfield>
  <datafield tag="245" ind1="" ind2="0">
   <subfield code="a">Journal of Japan Society For Clinical Anesthesia</subfield>
  </datafield>
  <datafield tag="246" ind1="" ind2="">
   <subfield code="a">THE JOURNAL OF JAPAN SOCIETY FOR CLINICAL ANESTHESIA</subfield>
  </datafield>
  <datafield tag="246" ind1="" ind2="">
   <subfield code="a">NIHON RINSHO MASUI GAKKAISHI</subfield>
  </datafield>
  <datafield tag="260" ind1="" ind2="">
   <subfield code="a">Okayama-shi</subfield>
   <subfield code="b">日本臨床麻酔学会</subfield>
  </datafield>
  <datafield tag="022" ind1="" ind2="">
   <subfield code="a">0285-4945</subfield>
  </datafield>
  <datafield tag="776" ind1="" ind2="">
   <subfield code="x">1349-9149</subfield>
  </datafield>
  <datafield tag="090" ind1="" ind2="">
   <subfield code="a">991042751176806</subfield>
  </datafield>
  <datafield tag="945" ind1="" ind2="">
   <subfield code="m">ニホンリンショウマスイガッカイシ</subfield>
   <subfield code="s">に ほ ん り ん し よ う ま す い か つ か い し</subfield>
  </datafield>
  <datafield tag="866" ind1="" ind2="">
   <subfield code="a">Available from 1981 volume: 1 issue: 1 until 2003 volume: 23 issue: 10. </subfield>
   <subfield code="s">1000000000002132</subfield>
   <subfield code="t">1000000000001480</subfield>
   <subfield code="x">JST Journal@rchive:Full Text</subfield>
   <subfield code="z">1000000002071875</subfield>
  </datafield>
  <datafield tag="650" ind1="" ind2="4">
   <subfield code="a">Medicine and Health</subfield>
   <subfield code="x">Surgery</subfield>
  </datafield>
 </record>