
 <record>
  <leader>-----nas-a2200000z--4500</leader>
  <controlfield tag="008">121016uuuuuuuuuxx-uu-|------u|----|jpn-d</controlfield>
  <datafield tag="245" ind1="" ind2="0">
   <subfield code="a">日本鼻副鼻腔学会々誌</subfield>
  </datafield>
  <datafield tag="260" ind1="" ind2="">
   <subfield code="a">東京</subfield>
   <subfield code="b">日本鼻副鼻腔学会</subfield>
  </datafield>
  <datafield tag="022" ind1="" ind2="">
   <subfield code="a">0285-7847</subfield>
  </datafield>
  <datafield tag="090" ind1="" ind2="">
   <subfield code="a">991042751176818</subfield>
  </datafield>
  <datafield tag="945" ind1="" ind2="">
   <subfield code="m">ニホンビフクビコウガッカイカイシ</subfield>
   <subfield code="s">に ほ ん ひ ふ く ひ こ う か つ か い か い し</subfield>
  </datafield>
  <datafield tag="866" ind1="" ind2="">
   <subfield code="a">Available from 1962 volume: 1 until 1981 volume: 20 issue: 2. </subfield>
   <subfield code="s">1000000000002132</subfield>
   <subfield code="t">1000000000001480</subfield>
   <subfield code="x">JST Journal@rchive:Full Text</subfield>
   <subfield code="z">3150000000000332</subfield>
  </datafield>
 </record>