
 <record>
  <leader>-----nas-a2200000z--4500</leader>
  <controlfield tag="008">121016uuuuuuuuuxx-uu-|------u|----|jpn-d</controlfield>
  <datafield tag="245" ind1="" ind2="">
   <subfield code="a">全日本鍼灸学会雑誌</subfield>
  </datafield>
  <datafield tag="246" ind1="" ind2="">
   <subfield code="a">ZENNIHON SHINKYU GAKKAI ZASSHI</subfield>
  </datafield>
  <datafield tag="210" ind1="" ind2="">
   <subfield code="a">ぜんにほんしんきゅうがっかいざっ</subfield>
  </datafield>
  <datafield tag="246" ind1="" ind2="">
   <subfield code="a">ZENNIHONSHINKYUUGAKKAIZASSHI</subfield>
  </datafield>
  <datafield tag="260" ind1="" ind2="">
   <subfield code="a">Tōkyō-to</subfield>
   <subfield code="b">全日本鍼灸学会</subfield>
  </datafield>
  <datafield tag="022" ind1="" ind2="">
   <subfield code="a">0285-9955</subfield>
  </datafield>
  <datafield tag="776" ind1="" ind2="">
   <subfield code="x">1882-661X</subfield>
  </datafield>
  <datafield tag="090" ind1="" ind2="">
   <subfield code="a">991042751176820</subfield>
  </datafield>
  <datafield tag="945" ind1="" ind2="">
   <subfield code="m">ゼンニホンシンキュウガッカイザッシ</subfield>
   <subfield code="s">せ ん に ほ ん し ん き ゆ う か つ か い さ つ し</subfield>
  </datafield>
  <datafield tag="866" ind1="" ind2="">
   <subfield code="a">Available from 1981 volume: 31 issue: 1 until 2006 volume: 56 issue: 5. </subfield>
   <subfield code="s">1000000000002132</subfield>
   <subfield code="t">1000000000001480</subfield>
   <subfield code="x">JST Journal@rchive:Full Text</subfield>
   <subfield code="z">2670000000290478</subfield>
  </datafield>
  <datafield tag="650" ind1="" ind2="4">
   <subfield code="a">Medicine and Health</subfield>
   <subfield code="x">Pharmacy and Pharmacology</subfield>
  </datafield>
 </record>