
 <record>
  <leader>-----nas-a2200000z--4500</leader>
  <controlfield tag="008">121016uuuuuuuuuxx-uu-|------u|----|jpn-d</controlfield>
  <datafield tag="245" ind1="" ind2="">
   <subfield code="a">農産加工技術研究会誌</subfield>
  </datafield>
  <datafield tag="210" ind1="" ind2="">
   <subfield code="a">農産加工技術研究會誌</subfield>
  </datafield>
  <datafield tag="260" ind1="" ind2="">
   <subfield code="a">Tōkyō</subfield>
   <subfield code="b">Dō Kenkyūkai</subfield>
  </datafield>
  <datafield tag="022" ind1="" ind2="">
   <subfield code="a">0369-5174</subfield>
  </datafield>
  <datafield tag="090" ind1="" ind2="">
   <subfield code="a">991042751183142</subfield>
  </datafield>
  <datafield tag="945" ind1="" ind2="">
   <subfield code="m">ノウサンカコウギジュツケンキュウカイシ</subfield>
   <subfield code="s">の う さ ん か こ う き し ゆ つ け ん き ゆ う か い し</subfield>
  </datafield>
  <datafield tag="866" ind1="" ind2="">
   <subfield code="a">Available from 1953 volume: 1 issue: 1 until 1961 volume: 8 issue: 6. </subfield>
   <subfield code="s">1000000000002132</subfield>
   <subfield code="t">1000000000001480</subfield>
   <subfield code="x">JST Journal@rchive:Full Text</subfield>
   <subfield code="z">1000000002071896</subfield>
  </datafield>
 </record>