
 <record>
  <leader>-----nas-a2200000z--4500</leader>
  <controlfield tag="008">121016uuuuuuuuuxx-uu-|------u|----|jpn-d</controlfield>
  <datafield tag="245" ind1="" ind2="0">
   <subfield code="a">関東東山病害虫研究会年報</subfield>
  </datafield>
  <datafield tag="260" ind1="" ind2="">
   <subfield code="a">つくば</subfield>
   <subfield code="b">関東東山病害虫研究会</subfield>
  </datafield>
  <datafield tag="022" ind1="" ind2="">
   <subfield code="a">0388-8258</subfield>
  </datafield>
  <datafield tag="090" ind1="" ind2="">
   <subfield code="a">991042751185206</subfield>
  </datafield>
  <datafield tag="945" ind1="" ind2="">
   <subfield code="m">カントウトウサンビョウガイチュウケンキュウカイホウ</subfield>
   <subfield code="s">か ん と う と う さ ん ひ よ う か い ち ゆ う け ん き ゆ う か い ほ う</subfield>
  </datafield>
  <datafield tag="866" ind1="" ind2="">
   <subfield code="a">Available from 1954 volume: 1954 issue: 1 until 1998 volume: 1998 issue: 45. </subfield>
   <subfield code="s">1000000000002132</subfield>
   <subfield code="t">1000000000001480</subfield>
   <subfield code="x">JST Journal@rchive:Full Text</subfield>
   <subfield code="z">3150000000000369</subfield>
  </datafield>
 </record>