
 <record>
  <leader>-----nas-a2200000z--4500</leader>
  <controlfield tag="008">121016uuuuuuuuuxx-uu-|------u|----|jpn-d</controlfield>
  <datafield tag="245" ind1="" ind2="0">
   <subfield code="a">こころの健康</subfield>
  </datafield>
  <datafield tag="246" ind1="" ind2="">
   <subfield code="a">KOKORONOKENKOU</subfield>
  </datafield>
  <datafield tag="246" ind1="" ind2="">
   <subfield code="a">FUKUYAMA DAIGAKU KOKORO NO KENKO SODANISHITSU KIYO</subfield>
  </datafield>
  <datafield tag="260" ind1="" ind2="">
   <subfield code="a">千葉</subfield>
   <subfield code="b">日本精神衛生学会</subfield>
  </datafield>
  <datafield tag="022" ind1="" ind2="">
   <subfield code="a">0912-6945</subfield>
  </datafield>
  <datafield tag="776" ind1="" ind2="">
   <subfield code="x">2186-0246</subfield>
  </datafield>
  <datafield tag="090" ind1="" ind2="">
   <subfield code="a">991042751207414</subfield>
  </datafield>
  <datafield tag="945" ind1="" ind2="">
   <subfield code="m">ココロノケンコウ</subfield>
   <subfield code="s">こ こ ろ の け ん こ う</subfield>
  </datafield>
  <datafield tag="866" ind1="" ind2="">
   <subfield code="a">Available from 1986 volume: 1 issue: 1 until 2008 volume: 23 issue: 2. </subfield>
   <subfield code="s">1000000000002132</subfield>
   <subfield code="t">1000000000001480</subfield>
   <subfield code="x">JST Journal@rchive:Full Text</subfield>
   <subfield code="z">2670000000290525</subfield>
  </datafield>
 </record>