
 <record>
  <leader>-----nas-a2200000z--4500</leader>
  <controlfield tag="008">121016uuuuuuuuuxx-uu-|------u|----|jpn-d</controlfield>
  <datafield tag="245" ind1="" ind2="0">
   <subfield code="a">運動生理</subfield>
  </datafield>
  <datafield tag="260" ind1="" ind2="">
   <subfield code="a">Saitama-ken Iruma-gun Moroyama-machi</subfield>
   <subfield code="b">Undō Seiri Kenkyūkai</subfield>
  </datafield>
  <datafield tag="022" ind1="" ind2="">
   <subfield code="a">0912-7100</subfield>
  </datafield>
  <datafield tag="090" ind1="" ind2="">
   <subfield code="a">991042751207418</subfield>
  </datafield>
  <datafield tag="945" ind1="" ind2="">
   <subfield code="m">ウンドウセイリ</subfield>
   <subfield code="s">う ん と う せ い り</subfield>
  </datafield>
  <datafield tag="866" ind1="" ind2="">
   <subfield code="a">Available from 1986 volume: 1 issue: 1 until 1994 volume: 9 issue: 4. </subfield>
   <subfield code="s">1000000000002132</subfield>
   <subfield code="t">1000000000001480</subfield>
   <subfield code="x">JST Journal@rchive:Full Text</subfield>
   <subfield code="z">1000000002071930</subfield>
  </datafield>
 </record>