
 <record>
  <leader>-----nas-a2200000z--4500</leader>
  <controlfield tag="008">121016uuuuuuuuuxx-uu-|------u|----|jpn-d</controlfield>
  <datafield tag="245" ind1="" ind2="0">
   <subfield code="a">接着歯学</subfield>
  </datafield>
  <datafield tag="246" ind1="" ind2="">
   <subfield code="a">SECCHAKUSHIGAKU</subfield>
  </datafield>
  <datafield tag="260" ind1="" ind2="">
   <subfield code="a">東京</subfield>
   <subfield code="b">日本接着歯学会</subfield>
  </datafield>
  <datafield tag="022" ind1="" ind2="">
   <subfield code="a">0913-1655</subfield>
  </datafield>
  <datafield tag="776" ind1="" ind2="">
   <subfield code="x">2185-9566</subfield>
  </datafield>
  <datafield tag="090" ind1="" ind2="">
   <subfield code="a">991042751207436</subfield>
  </datafield>
  <datafield tag="945" ind1="" ind2="">
   <subfield code="m">セッチャクシガク</subfield>
   <subfield code="s">せ つ ち や く し か く</subfield>
  </datafield>
  <datafield tag="866" ind1="" ind2="">
   <subfield code="a">Available from 1983 volume: 1 issue: 1 until 2008 volume: 26 issue: 4. </subfield>
   <subfield code="s">1000000000002132</subfield>
   <subfield code="t">1000000000001480</subfield>
   <subfield code="x">JST Journal@rchive:Full Text</subfield>
   <subfield code="z">2670000000348457</subfield>
  </datafield>
 </record>