
 <record>
  <leader>-----nas-a2200000z--4500</leader>
  <controlfield tag="008">121016uuuuuuuuuxx-uu-|------u|----|jpn-d</controlfield>
  <datafield tag="245" ind1="" ind2="0">
   <subfield code="a">蘇生</subfield>
  </datafield>
  <datafield tag="246" ind1="" ind2="">
   <subfield code="a">SOSEI</subfield>
  </datafield>
  <datafield tag="210" ind1="" ind2="">
   <subfield code="a">ソセイ</subfield>
  </datafield>
  <datafield tag="246" ind1="" ind2="">
   <subfield code="a">SOSEI: NIPPONSOSEIGAKKAIZASSHI</subfield>
  </datafield>
  <datafield tag="246" ind1="" ind2="">
   <subfield code="a">Anesthesia and resuscitation</subfield>
  </datafield>
  <datafield tag="210" ind1="" ind2="">
   <subfield code="a">蘇生</subfield>
  </datafield>
  <datafield tag="260" ind1="" ind2="">
   <subfield code="a">Tōkyō</subfield>
   <subfield code="b">Jimukyoku</subfield>
  </datafield>
  <datafield tag="022" ind1="" ind2="">
   <subfield code="a">0288-4348</subfield>
  </datafield>
  <datafield tag="776" ind1="" ind2="">
   <subfield code="x">1884-748X</subfield>
  </datafield>
  <datafield tag="090" ind1="" ind2="">
   <subfield code="a">991042752527172</subfield>
  </datafield>
  <datafield tag="945" ind1="" ind2="">
   <subfield code="m">ソセイ</subfield>
   <subfield code="s">そ せ い</subfield>
  </datafield>
  <datafield tag="866" ind1="" ind2="">
   <subfield code="a">Available from 1983 volume: 1 until 2008 volume: 27 issue: 3. </subfield>
   <subfield code="s">1000000000002132</subfield>
   <subfield code="t">1000000000001480</subfield>
   <subfield code="x">JST Journal@rchive:Full Text</subfield>
   <subfield code="z">2550000000060809</subfield>
  </datafield>
 </record>