
 <record>
  <leader>-----nas-a2200000z--4500</leader>
  <controlfield tag="008">121016uuuuuuuuuxx-uu-|------u|----|jpn-d</controlfield>
  <datafield tag="245" ind1="" ind2="0">
   <subfield code="a">動物遺伝研究会誌</subfield>
  </datafield>
  <datafield tag="246" ind1="" ind2="">
   <subfield code="a">DOUBUTSUIDENKENKYUUKAISHI</subfield>
  </datafield>
  <datafield tag="260" ind1="" ind2="">
   <subfield code="a">Kobe, Japan</subfield>
   <subfield code="b">Japanese Society for Animal Genetics</subfield>
  </datafield>
  <datafield tag="022" ind1="" ind2="">
   <subfield code="a">0919-4371</subfield>
  </datafield>
  <datafield tag="776" ind1="" ind2="">
   <subfield code="x">1884-3875</subfield>
  </datafield>
  <datafield tag="090" ind1="" ind2="">
   <subfield code="a">991042752551546</subfield>
  </datafield>
  <datafield tag="945" ind1="" ind2="">
   <subfield code="m">ドウブツイデンケンキュウカイシ</subfield>
   <subfield code="s">と う ふ つ い て ん け ん き ゆ う か い し</subfield>
  </datafield>
  <datafield tag="866" ind1="" ind2="">
   <subfield code="a">Available from 1993 volume: 21 issue: 1 until 1999 volume: 27. </subfield>
   <subfield code="s">1000000000002132</subfield>
   <subfield code="t">1000000000001480</subfield>
   <subfield code="x">JST Journal@rchive:Full Text</subfield>
   <subfield code="z">2670000000150663</subfield>
  </datafield>
 </record>