
 <record>
  <leader>-----nas-a2200000z--4500</leader>
  <controlfield tag="008">121016uuuuuuuuuxx-uu-|------u|----|jpn-d</controlfield>
  <datafield tag="245" ind1="" ind2="">
   <subfield code="a">日本食品微生物学会雑誌</subfield>
  </datafield>
  <datafield tag="246" ind1="" ind2="">
   <subfield code="a">JAPANESE JOURNAL OF FOOD MICROBIOLOGY</subfield>
  </datafield>
  <datafield tag="210" ind1="" ind2="">
   <subfield code="a">にほんしょくひんびせいぶつがっかいざっ</subfield>
  </datafield>
  <datafield tag="246" ind1="" ind2="">
   <subfield code="a">NIHON SHOKUHIN BISEIBUTSU GAKKAI ZASSHI</subfield>
  </datafield>
  <datafield tag="246" ind1="" ind2="">
   <subfield code="a">NIPPONSHOKUHINBISEIBUTSUGAKKAIZASSHI</subfield>
  </datafield>
  <datafield tag="260" ind1="" ind2="">
   <subfield code="a">Tōkyō</subfield>
   <subfield code="b">日本食品微生物学会</subfield>
  </datafield>
  <datafield tag="022" ind1="" ind2="">
   <subfield code="a">1340-8267</subfield>
  </datafield>
  <datafield tag="776" ind1="" ind2="">
   <subfield code="x">1882-5982</subfield>
  </datafield>
  <datafield tag="090" ind1="" ind2="">
   <subfield code="a">991042752792196</subfield>
  </datafield>
  <datafield tag="945" ind1="" ind2="">
   <subfield code="m">ニッポンショクヒンビセイブツガッカイザッシ</subfield>
   <subfield code="s">に つ ほ ん し よ く ひ ん ひ せ い ふ つ か つ か い さ つ し</subfield>
  </datafield>
  <datafield tag="866" ind1="" ind2="">
   <subfield code="a">Available from 1994 volume: 11 issue: 1 until 2006 volume: 23 issue: 4. </subfield>
   <subfield code="s">1000000000002132</subfield>
   <subfield code="t">1000000000001480</subfield>
   <subfield code="x">JST Journal@rchive:Full Text</subfield>
   <subfield code="z">2670000000230016</subfield>
  </datafield>
  <datafield tag="650" ind1="" ind2="4">
   <subfield code="a">Agriculture Sciences</subfield>
   <subfield code="x">Soil Chemistry, Microbiology, Fertility &amp; Fertilizers</subfield>
  </datafield>
 </record>