
 <record>
  <leader>-----nas-a2200000z--4500</leader>
  <controlfield tag="008">121016uuuuuuuuuxx-uu-|------u|----|jpn-d</controlfield>
  <datafield tag="245" ind1="" ind2="">
   <subfield code="a">Journal of The Japanese Institute of Landscape Architecture</subfield>
  </datafield>
  <datafield tag="246" ind1="" ind2="">
   <subfield code="a">JOURNAL OF THE JAPANESE INSTITUTE OF LANDSCAPE ARCHITECTURE</subfield>
  </datafield>
  <datafield tag="246" ind1="" ind2="">
   <subfield code="a">RANDOSUKEPU KENKYU</subfield>
  </datafield>
  <datafield tag="210" ind1="" ind2="">
   <subfield code="a">ランドスケープケンキュウ</subfield>
  </datafield>
  <datafield tag="246" ind1="" ind2="">
   <subfield code="a">RANDOSUKEPU KENKYU NIHON ZOEN GAKKAISHI</subfield>
  </datafield>
  <datafield tag="246" ind1="" ind2="">
   <subfield code="a">RANDOSUKEPUKENKYUU</subfield>
  </datafield>
  <datafield tag="260" ind1="" ind2="">
   <subfield code="a">Tōkyō</subfield>
   <subfield code="b">社団法人　日本造園学会</subfield>
  </datafield>
  <datafield tag="022" ind1="" ind2="">
   <subfield code="a">1340-8984</subfield>
  </datafield>
  <datafield tag="776" ind1="" ind2="">
   <subfield code="x">1340-8934</subfield>
  </datafield>
  <datafield tag="090" ind1="" ind2="">
   <subfield code="a">1000000000000007</subfield>
  </datafield>
  <datafield tag="945" ind1="" ind2="">
   <subfield code="m">ランドスケープケンキュウ</subfield>
   <subfield code="s">ら ん と す け え ふ け ん き ゆ う</subfield>
  </datafield>
  <datafield tag="866" ind1="" ind2="">
   <subfield code="a">Available from 1994 volume: 58 issue: 1 until 2001 volume: 65 issue: 5. </subfield>
   <subfield code="s">1000000000002132</subfield>
   <subfield code="t">1000000000001480</subfield>
   <subfield code="x">JST Journal@rchive:Full Text</subfield>
   <subfield code="z">2670000000363760</subfield>
  </datafield>
  <datafield tag="650" ind1="" ind2="4">
   <subfield code="a">Agriculture Sciences</subfield>
   <subfield code="x">Horticulture and Plant Culture (including Arboriculture)</subfield>
  </datafield>
  <datafield tag="650" ind1="" ind2="4">
   <subfield code="a">Arts and Humanities</subfield>
   <subfield code="x">Architecture, Art, Art History and Design</subfield>
  </datafield>
 </record>