
 <record>
  <leader>-----nas-a2200000z--4500</leader>
  <controlfield tag="008">121016uuuuuuuuuxx-uu-|------u|----|jpn-d</controlfield>
  <datafield tag="245" ind1="" ind2="0">
   <subfield code="a">国際女性</subfield>
  </datafield>
  <datafield tag="246" ind1="" ind2="">
   <subfield code="a">kokusaijosei</subfield>
  </datafield>
  <datafield tag="246" ind1="" ind2="">
   <subfield code="a">KOKUSAI JOSEI</subfield>
  </datafield>
  <datafield tag="260" ind1="" ind2="">
   <subfield code="a">Ōi-machi, Saitama-ken</subfield>
   <subfield code="b">Kokusai Josei no Chii Kyōkai</subfield>
  </datafield>
  <datafield tag="022" ind1="" ind2="">
   <subfield code="a">0916-393X</subfield>
  </datafield>
  <datafield tag="776" ind1="" ind2="">
   <subfield code="x">1884-4847</subfield>
  </datafield>
  <datafield tag="090" ind1="" ind2="">
   <subfield code="a">1000000000269888</subfield>
  </datafield>
  <datafield tag="945" ind1="" ind2="">
   <subfield code="m">コクサイジョセイ</subfield>
   <subfield code="s">こ く さ い し よ せ い</subfield>
  </datafield>
  <datafield tag="866" ind1="" ind2="">
   <subfield code="a">Available from 1988 volume: 1 issue: 1 until 2008 volume: 22 issue: 22. </subfield>
   <subfield code="s">1000000000002132</subfield>
   <subfield code="t">1000000000001480</subfield>
   <subfield code="x">JST Journal@rchive:Full Text</subfield>
   <subfield code="z">2670000000140828</subfield>
  </datafield>
 </record>