
 <record>
  <leader>-----nas-a2200000z--4500</leader>
  <controlfield tag="008">121016uuuuuuuuuxx-uu-|------u|----|jpn-d</controlfield>
  <datafield tag="245" ind1="" ind2="">
   <subfield code="a">Journal of the Japanese Associtation for Chest Surgery</subfield>
  </datafield>
  <datafield tag="246" ind1="" ind2="">
   <subfield code="a">THE JOURNAL OF THE JAPANESE ASSOCIATION FOR CHEST SURGERY</subfield>
  </datafield>
  <datafield tag="246" ind1="" ind2="">
   <subfield code="a">THE JOURNAL OF THE JAPANESE ASSOCITATION FOR CHEST SURGERY</subfield>
  </datafield>
  <datafield tag="246" ind1="" ind2="">
   <subfield code="a">NIHON KOKYUKI GEKA GAKKAI ZASSHI</subfield>
  </datafield>
  <datafield tag="246" ind1="" ind2="">
   <subfield code="a">KOKYUKI GEKA NIHON KOKYUK IGEKA GAKKAI ZASSHI</subfield>
  </datafield>
  <datafield tag="246" ind1="" ind2="">
   <subfield code="a">NIPPONKOKYUKIGEKAGAKKAIZASSHI</subfield>
  </datafield>
  <datafield tag="246" ind1="" ind2="">
   <subfield code="a">NIPPONKOKYUUKIGEKAGAKKAIZASSHI</subfield>
  </datafield>
  <datafield tag="260" ind1="" ind2="">
   <subfield code="b">特定非営利活動法人日本呼吸器外科学会</subfield>
  </datafield>
  <datafield tag="022" ind1="" ind2="">
   <subfield code="a">0919-0945</subfield>
  </datafield>
  <datafield tag="776" ind1="" ind2="">
   <subfield code="x">1881-4158</subfield>
  </datafield>
  <datafield tag="090" ind1="" ind2="">
   <subfield code="a">1000000000287183</subfield>
  </datafield>
  <datafield tag="945" ind1="" ind2="">
   <subfield code="m">コキュウキゲカニホンコキュウキゲカガッカイザッシ</subfield>
   <subfield code="s">こ き ゆ う き け か に ほ ん こ き ゆ う き け か か つ か い さ つ し</subfield>
  </datafield>
  <datafield tag="866" ind1="" ind2="">
   <subfield code="a">Available from 1992 volume: 6 issue: 5 until 2004 volume: 18 issue: 7. </subfield>
   <subfield code="s">1000000000002132</subfield>
   <subfield code="t">1000000000001480</subfield>
   <subfield code="x">JST Journal@rchive:Full Text</subfield>
   <subfield code="z">2490000000000403</subfield>
  </datafield>
 </record>