
 <record>
  <leader>-----nas-a2200000z--4500</leader>
  <controlfield tag="008">121016uuuuuuuuuxx-uu-|------u|----|jpn-d</controlfield>
  <datafield tag="245" ind1="" ind2="">
   <subfield code="a">呼吸器外科 日本呼吸器外科学会雑誌</subfield>
  </datafield>
  <datafield tag="246" ind1="" ind2="">
   <subfield code="a">KOKYUKIGEKANIHONKOKYUKIGEKAGAKKAIZASSHI</subfield>
  </datafield>
  <datafield tag="210" ind1="" ind2="">
   <subfield code="a">コキュウキゲカ</subfield>
  </datafield>
  <datafield tag="210" ind1="" ind2="">
   <subfield code="a">呼吸器外科 </subfield>
  </datafield>
  <datafield tag="246" ind1="" ind2="">
   <subfield code="a">KOKYUKI GEKA NIHON KOKYUK IGEKA GAKKAI ZASSHI</subfield>
  </datafield>
  <datafield tag="260" ind1="" ind2="">
   <subfield code="b">特定非営利活動法人日本呼吸器外科学会</subfield>
  </datafield>
  <datafield tag="022" ind1="" ind2="">
   <subfield code="a">0917-4141</subfield>
  </datafield>
  <datafield tag="090" ind1="" ind2="">
   <subfield code="a">1000000000287729</subfield>
  </datafield>
  <datafield tag="945" ind1="" ind2="">
   <subfield code="m">コキュウキゲカニホンコキュウキゲカガッカイザッシ</subfield>
   <subfield code="s">こ き ゆ う き け か に ほ ん こ き ゆ う き け か か つ か い さ つ し</subfield>
  </datafield>
  <datafield tag="866" ind1="" ind2="">
   <subfield code="a">Available from 1987 volume: 1 issue: 2 until 1992 volume: 6 issue: 4. </subfield>
   <subfield code="s">1000000000002132</subfield>
   <subfield code="t">1000000000001480</subfield>
   <subfield code="x">JST Journal@rchive:Full Text</subfield>
   <subfield code="z">2490000000000402</subfield>
  </datafield>
 </record>