
 <record>
  <leader>-----nas-a2200000z--4500</leader>
  <controlfield tag="008">121016uuuuuuuuuxx-uu-|------u|----|jpn-d</controlfield>
  <datafield tag="245" ind1="" ind2="0">
   <subfield code="a">比較教育学研究</subfield>
  </datafield>
  <datafield tag="246" ind1="" ind2="">
   <subfield code="a">COMPARATIVE EDUCATION</subfield>
  </datafield>
  <datafield tag="246" ind1="" ind2="">
   <subfield code="a">HIKAKUKYOUIKUGAKUKENKYUU</subfield>
  </datafield>
  <datafield tag="246" ind1="" ind2="">
   <subfield code="a">HIKAKU KYOIKUGAKU KENKYU</subfield>
  </datafield>
  <datafield tag="260" ind1="" ind2="">
   <subfield code="b">財団法人学会誌刊行センター</subfield>
  </datafield>
  <datafield tag="022" ind1="" ind2="">
   <subfield code="a">0916-6785</subfield>
  </datafield>
  <datafield tag="776" ind1="" ind2="">
   <subfield code="x">2185-2073</subfield>
  </datafield>
  <datafield tag="090" ind1="" ind2="">
   <subfield code="a">1000000000288009</subfield>
  </datafield>
  <datafield tag="945" ind1="" ind2="">
   <subfield code="m">ヒカクキョウイクガクケンキュウ</subfield>
   <subfield code="s">ひ か く き よ う い く か く け ん き ゆ う</subfield>
  </datafield>
  <datafield tag="866" ind1="" ind2="">
   <subfield code="a">Available from 1990 volume: 1990 issue: 16 until 2008 volume: 2008 issue: 37. </subfield>
   <subfield code="s">1000000000002132</subfield>
   <subfield code="t">1000000000001480</subfield>
   <subfield code="x">JST Journal@rchive:Full Text</subfield>
   <subfield code="z">2670000000184970</subfield>
  </datafield>
  <datafield tag="650" ind1="" ind2="4">
   <subfield code="a">Arts and Humanities</subfield>
   <subfield code="x">Education &amp; Careers</subfield>
  </datafield>
 </record>