
 <record>
  <leader>-----nas-a2200000z--4500</leader>
  <controlfield tag="008">121016uuuuuuuuuxx-uu-|------u|----|jpn-d</controlfield>
  <datafield tag="245" ind1="" ind2="">
   <subfield code="a">現代社会学研究</subfield>
  </datafield>
  <datafield tag="246" ind1="" ind2="">
   <subfield code="a">CONTEMPORARY SOCIOLOGICAL STUDIES</subfield>
  </datafield>
  <datafield tag="246" ind1="" ind2="">
   <subfield code="a">GENDAI SHAKAIGAKU KENKYU</subfield>
  </datafield>
  <datafield tag="260" ind1="" ind2="">
   <subfield code="b">北海道社会学会</subfield>
  </datafield>
  <datafield tag="022" ind1="" ind2="">
   <subfield code="a">0915-1214</subfield>
  </datafield>
  <datafield tag="776" ind1="" ind2="">
   <subfield code="x">2186-6163</subfield>
  </datafield>
  <datafield tag="090" ind1="" ind2="">
   <subfield code="a">1000000000288013</subfield>
  </datafield>
  <datafield tag="945" ind1="" ind2="">
   <subfield code="m">ゲンダイシャカイガクケンキュウ</subfield>
   <subfield code="s">け ん た い し や か い か く け ん き ゆ う</subfield>
  </datafield>
  <datafield tag="866" ind1="" ind2="">
   <subfield code="a">Available from 1988 volume: 1 until 2007 volume: 20. </subfield>
   <subfield code="s">1000000000002132</subfield>
   <subfield code="t">1000000000001480</subfield>
   <subfield code="x">JST Journal@rchive:Full Text</subfield>
   <subfield code="z">3150000000000283</subfield>
  </datafield>
 </record>