
 <record>
  <leader>-----nas-a2200000z--4500</leader>
  <controlfield tag="008">121016uuuuuuuuuxx-uu-|------u|----|jpn-d</controlfield>
  <datafield tag="245" ind1="" ind2="0">
   <subfield code="a">国際経済</subfield>
  </datafield>
  <datafield tag="246" ind1="" ind2="">
   <subfield code="a">KOKUSAIKEIZAI</subfield>
  </datafield>
  <datafield tag="246" ind1="" ind2="">
   <subfield code="a">KOKUSAI KEIZAI</subfield>
  </datafield>
  <datafield tag="260" ind1="" ind2="">
   <subfield code="a">神戸</subfield>
   <subfield code="b">日本国際経済学会</subfield>
  </datafield>
  <datafield tag="022" ind1="" ind2="">
   <subfield code="a">0387-3943</subfield>
  </datafield>
  <datafield tag="776" ind1="" ind2="">
   <subfield code="x">1884-4367</subfield>
  </datafield>
  <datafield tag="090" ind1="" ind2="">
   <subfield code="a">1000000000288095</subfield>
  </datafield>
  <datafield tag="945" ind1="" ind2="">
   <subfield code="m">コクサイケイザイ</subfield>
   <subfield code="s">こ く さ い け い さ い</subfield>
  </datafield>
  <datafield tag="866" ind1="" ind2="">
   <subfield code="a">Available from 1951 volume: 1951 issue: 1 until 2008 volume: 2008 issue: 59. </subfield>
   <subfield code="s">1000000000002132</subfield>
   <subfield code="t">1000000000001480</subfield>
   <subfield code="x">JST Journal@rchive:Full Text</subfield>
   <subfield code="z">2670000000230020</subfield>
  </datafield>
 </record>