
 <record>
  <leader>-----nas-a2200000z--4500</leader>
  <controlfield tag="008">121016uuuuuuuuuxx-uu-|------u|----|jpn-d</controlfield>
  <datafield tag="245" ind1="" ind2="0">
   <subfield code="a">国際政治</subfield>
  </datafield>
  <datafield tag="246" ind1="" ind2="">
   <subfield code="a">INTERNATIONAL RELATIONS</subfield>
  </datafield>
  <datafield tag="246" ind1="" ind2="">
   <subfield code="a">KOKUSAI SEIJI</subfield>
  </datafield>
  <datafield tag="260" ind1="" ind2="">
   <subfield code="a">国立</subfield>
   <subfield code="b">日本国際政治学会</subfield>
  </datafield>
  <datafield tag="022" ind1="" ind2="">
   <subfield code="a">0454-2215</subfield>
  </datafield>
  <datafield tag="776" ind1="" ind2="">
   <subfield code="x">1883-9916</subfield>
  </datafield>
  <datafield tag="090" ind1="" ind2="">
   <subfield code="a">1000000000288097</subfield>
  </datafield>
  <datafield tag="945" ind1="" ind2="">
   <subfield code="m">コクサイセイジ</subfield>
   <subfield code="s">こ く さ い せ い し</subfield>
  </datafield>
  <datafield tag="866" ind1="" ind2="">
   <subfield code="a">Available from 1957 volume: 1957 issue: 1 until 2008 volume: 2008 issue: 152. </subfield>
   <subfield code="s">1000000000002132</subfield>
   <subfield code="t">1000000000001480</subfield>
   <subfield code="x">JST Journal@rchive:Full Text</subfield>
   <subfield code="z">2670000000140859</subfield>
  </datafield>
 </record>