
 <record>
  <leader>-----nas-a2200000z--4500</leader>
  <controlfield tag="008">121016uuuuuuuuuxx-uu-|------u|----|jpn-d</controlfield>
  <datafield tag="245" ind1="" ind2="0">
   <subfield code="a">エレクトロニクス実装学会誌</subfield>
  </datafield>
  <datafield tag="246" ind1="" ind2="">
   <subfield code="a">JOURNAL OF JAPAN INSTITUTE OF ELECTRONICS PACKAGING</subfield>
  </datafield>
  <datafield tag="246" ind1="" ind2="">
   <subfield code="a">EREKUTORONIKUSUJISSOUGAKKAISHI</subfield>
  </datafield>
  <datafield tag="246" ind1="" ind2="">
   <subfield code="a">EREKUTORONIKUSU JISSOGAKU KAISHI</subfield>
  </datafield>
  <datafield tag="260" ind1="" ind2="">
   <subfield code="b">社団法人エレクトロニクス実装学会</subfield>
  </datafield>
  <datafield tag="022" ind1="" ind2="">
   <subfield code="a">1343-9677</subfield>
  </datafield>
  <datafield tag="776" ind1="" ind2="">
   <subfield code="x">1884-121X</subfield>
  </datafield>
  <datafield tag="090" ind1="" ind2="">
   <subfield code="a">1000000000288167</subfield>
  </datafield>
  <datafield tag="945" ind1="" ind2="">
   <subfield code="m">エレクトロニクスジッソウガッカイシ</subfield>
   <subfield code="s">え れ く と ろ に く す し つ そ う か つ か い し</subfield>
  </datafield>
  <datafield tag="866" ind1="" ind2="">
   <subfield code="a">Available from 1998 volume: 1 issue: 1 until 2008 volume: 11 issue: 7. </subfield>
   <subfield code="s">1000000000002132</subfield>
   <subfield code="t">1000000000001480</subfield>
   <subfield code="x">JST Journal@rchive:Full Text</subfield>
   <subfield code="z">2670000000150671</subfield>
  </datafield>
 </record>