
 <record>
  <leader>-----nas-a2200000z--4500</leader>
  <controlfield tag="008">121016uuuuuuuuuxx-uu-|------u|----|jpn-d</controlfield>
  <datafield tag="245" ind1="" ind2="0">
   <subfield code="a">佛教文化学会紀要</subfield>
  </datafield>
  <datafield tag="246" ind1="" ind2="">
   <subfield code="a">JOURNAL OF RESEARCH SOCIETY OF BUDDHISM AND CULTURAL HERITAGE</subfield>
  </datafield>
  <datafield tag="246" ind1="" ind2="">
   <subfield code="a">BUKKYO BUNKA GAKKAI KIYO</subfield>
  </datafield>
  <datafield tag="260" ind1="" ind2="">
   <subfield code="b">大正大学</subfield>
  </datafield>
  <datafield tag="022" ind1="" ind2="">
   <subfield code="a">0919-6943</subfield>
  </datafield>
  <datafield tag="776" ind1="" ind2="">
   <subfield code="x">2186-3253</subfield>
  </datafield>
  <datafield tag="090" ind1="" ind2="">
   <subfield code="a">1000000000288206</subfield>
  </datafield>
  <datafield tag="945" ind1="" ind2="">
   <subfield code="m">ブッキョウブンカガッカイキヨウ</subfield>
   <subfield code="s">ふ つ き よ う ふ ん か か つ か い き よ う</subfield>
  </datafield>
  <datafield tag="866" ind1="" ind2="">
   <subfield code="a">Available from 1992 volume: 1992 issue: 1 until 2008 volume: 2008 issue: 16. </subfield>
   <subfield code="s">1000000000002132</subfield>
   <subfield code="t">1000000000001480</subfield>
   <subfield code="x">JST Journal@rchive:Full Text</subfield>
   <subfield code="z">1000000002071932</subfield>
  </datafield>
 </record>