
 <record>
  <leader>-----nas-a2200000z--4500</leader>
  <controlfield tag="008">121016uuuuuuuuuxx-uu-|------u|----|jpn-d</controlfield>
  <datafield tag="245" ind1="" ind2="">
   <subfield code="a">機械学会論文集</subfield>
  </datafield>
  <datafield tag="260" ind1="" ind2="">
   <subfield code="b">社団法人日本機械学会</subfield>
  </datafield>
  <datafield tag="776" ind1="" ind2="">
   <subfield code="x">2185-1123</subfield>
  </datafield>
  <datafield tag="090" ind1="" ind2="">
   <subfield code="a">1000000000288844</subfield>
  </datafield>
  <datafield tag="945" ind1="" ind2="">
   <subfield code="m">キカイガッカイロンブンシュウ</subfield>
   <subfield code="s">き か い か つ か い ろ ん ふ ん し ゆ う</subfield>
  </datafield>
  <datafield tag="866" ind1="" ind2="">
   <subfield code="a">Available from 1935 volume: 1 issue: 1 until 1937 volume: 3 issue: 13. </subfield>
   <subfield code="s">1000000000002132</subfield>
   <subfield code="t">1000000000001480</subfield>
   <subfield code="x">JST Journal@rchive:Full Text</subfield>
   <subfield code="z">1000000002071206</subfield>
  </datafield>
 </record>