
 <record>
  <leader>-----nas-a2200000z--4500</leader>
  <controlfield tag="008">121016uuuuuuuuuxx-uu-|------u|----|jpn-d</controlfield>
  <datafield tag="245" ind1="" ind2="0">
   <subfield code="a">炎症・再生</subfield>
  </datafield>
  <datafield tag="246" ind1="" ind2="">
   <subfield code="a">INFLAMMATION AND REGENERATION</subfield>
  </datafield>
  <datafield tag="210" ind1="" ind2="">
   <subfield code="a">日本炎症・再生医学会雑誌</subfield>
  </datafield>
  <datafield tag="246" ind1="" ind2="">
   <subfield code="a">ENSHO SAISEI</subfield>
  </datafield>
  <datafield tag="246" ind1="" ind2="">
   <subfield code="a">ENSHOU・SAISEI</subfield>
  </datafield>
  <datafield tag="260" ind1="" ind2="">
   <subfield code="b">日本炎症・再生医学会</subfield>
  </datafield>
  <datafield tag="022" ind1="" ind2="">
   <subfield code="a">1346-8022</subfield>
  </datafield>
  <datafield tag="776" ind1="" ind2="">
   <subfield code="x">1880-5795</subfield>
  </datafield>
  <datafield tag="090" ind1="" ind2="">
   <subfield code="a">1000000000289471</subfield>
  </datafield>
  <datafield tag="945" ind1="" ind2="">
   <subfield code="m">エンショウ・サイセイ</subfield>
   <subfield code="s">え ん し よ う さ い せ い</subfield>
  </datafield>
  <datafield tag="866" ind1="" ind2="">
   <subfield code="a">Available from 2000 volume: 21 issue: 1 until 2002 volume: 22 issue: 6. </subfield>
   <subfield code="s">1000000000002132</subfield>
   <subfield code="t">1000000000001480</subfield>
   <subfield code="x">JST Journal@rchive:Full Text</subfield>
   <subfield code="z">2670000000196165</subfield>
  </datafield>
 </record>