
 <record>
  <leader>-----nas-a2200000z--4500</leader>
  <controlfield tag="008">121016uuuuuuuuuxx-uu-|------u|----|jpn-d</controlfield>
  <datafield tag="245" ind1="" ind2="">
   <subfield code="a">Journal of Rural Planning Association</subfield>
  </datafield>
  <datafield tag="246" ind1="" ind2="">
   <subfield code="a">JOURNAL OF RURAL PLANNING ASSOCIATION</subfield>
  </datafield>
  <datafield tag="246" ind1="" ind2="">
   <subfield code="a">NOSON KEIKAKU GAKKAISHI</subfield>
  </datafield>
  <datafield tag="246" ind1="" ind2="">
   <subfield code="a">TRANSACTIONS OF RURAL PLANNING</subfield>
  </datafield>
  <datafield tag="246" ind1="" ind2="">
   <subfield code="a">noson keikak ugakkaishi</subfield>
  </datafield>
  <datafield tag="246" ind1="" ind2="">
   <subfield code="a">NOUSONKEIKAKUGAKKAISHI</subfield>
  </datafield>
  <datafield tag="260" ind1="" ind2="">
   <subfield code="b">農村計画学会</subfield>
  </datafield>
  <datafield tag="022" ind1="" ind2="">
   <subfield code="a">0912-9731</subfield>
  </datafield>
  <datafield tag="776" ind1="" ind2="">
   <subfield code="x">1881-2309</subfield>
  </datafield>
  <datafield tag="090" ind1="" ind2="">
   <subfield code="a">1000000000289526</subfield>
  </datafield>
  <datafield tag="945" ind1="" ind2="">
   <subfield code="m">ノウソンケイカクガッカイシ</subfield>
   <subfield code="s">の う そ ん け い か く か つ か い し</subfield>
  </datafield>
  <datafield tag="866" ind1="" ind2="">
   <subfield code="a">Available from 1982 volume: 1 issue: 1 until 2005 volume: 23. </subfield>
   <subfield code="s">1000000000002132</subfield>
   <subfield code="t">1000000000001480</subfield>
   <subfield code="x">JST Journal@rchive:Full Text</subfield>
   <subfield code="z">2670000000320345</subfield>
  </datafield>
 </record>