
 <record>
  <leader>-----nas-a2200000z--4500</leader>
  <controlfield tag="008">121016uuuuuuuuuxx-uu-|------u|----|jpn-d</controlfield>
  <datafield tag="245" ind1="" ind2="0">
   <subfield code="a">Japanese Journal of Swine Science</subfield>
  </datafield>
  <datafield tag="246" ind1="" ind2="">
   <subfield code="a">JPN J SWINE SCI</subfield>
  </datafield>
  <datafield tag="246" ind1="" ind2="">
   <subfield code="a">THE JAPANENSE JOURNAL OF SWINE SCIENCE</subfield>
  </datafield>
  <datafield tag="260" ind1="" ind2="">
   <subfield code="a">東京</subfield>
   <subfield code="b">日本養豚学会</subfield>
  </datafield>
  <datafield tag="022" ind1="" ind2="">
   <subfield code="a">0913-882X</subfield>
  </datafield>
  <datafield tag="776" ind1="" ind2="">
   <subfield code="x">1881-655X</subfield>
  </datafield>
  <datafield tag="090" ind1="" ind2="">
   <subfield code="a">1000000000289535</subfield>
  </datafield>
  <datafield tag="945" ind1="" ind2="">
   <subfield code="m">ニッポンヨウトンガッカイシ</subfield>
   <subfield code="s">に つ ほ ん よ う と ん か つ か い し</subfield>
  </datafield>
  <datafield tag="866" ind1="" ind2="">
   <subfield code="a">Available from 1987 volume: 24 issue: 1 until 2004 volume: 41 issue: 4. </subfield>
   <subfield code="s">1000000000002132</subfield>
   <subfield code="t">1000000000001480</subfield>
   <subfield code="x">JST Journal@rchive:Full Text</subfield>
   <subfield code="z">2670000000348456</subfield>
  </datafield>
 </record>