
 <record>
  <leader>-----nas-a2200000z--4500</leader>
  <controlfield tag="008">121016uuuuuuuuuxx-uu-|------u|----|jpn-d</controlfield>
  <datafield tag="245" ind1="" ind2="">
   <subfield code="a">Resources Processing</subfield>
  </datafield>
  <datafield tag="246" ind1="" ind2="">
   <subfield code="a">KANKYO SHIGEN KOGAKU</subfield>
  </datafield>
  <datafield tag="246" ind1="" ind2="">
   <subfield code="a">RESOURCES PROCESSING</subfield>
  </datafield>
  <datafield tag="260" ind1="" ind2="">
   <subfield code="b">環境資源工学会</subfield>
  </datafield>
  <datafield tag="022" ind1="" ind2="">
   <subfield code="a">1348-6012</subfield>
  </datafield>
  <datafield tag="776" ind1="" ind2="">
   <subfield code="x">1349-9262</subfield>
  </datafield>
  <datafield tag="090" ind1="" ind2="">
   <subfield code="a">1000000000289538</subfield>
  </datafield>
  <datafield tag="945" ind1="" ind2="">
   <subfield code="m">カンキョウシゲンコウガク</subfield>
   <subfield code="s">か ん き よ う し け ん こ う か く</subfield>
  </datafield>
  <datafield tag="866" ind1="" ind2="">
   <subfield code="a">Available from 2003 volume: 50 issue: 3 until 2003 volume: 50 issue: 4. </subfield>
   <subfield code="s">1000000000002132</subfield>
   <subfield code="t">1000000000001480</subfield>
   <subfield code="x">JST Journal@rchive:Full Text</subfield>
   <subfield code="z">1000000002071724</subfield>
  </datafield>
 </record>