
 <record>
  <leader>-----nas-a2200000z--4500</leader>
  <controlfield tag="008">121016uuuuuuuuuxx-uu-|------u|----|jpn-d</controlfield>
  <datafield tag="010" ind1="" ind2="">
   <subfield code="a">  2005210800</subfield>
  </datafield>
  <datafield tag="245" ind1="" ind2="0">
   <subfield code="a">マリンエンジニアリング</subfield>
  </datafield>
  <datafield tag="246" ind1="" ind2="">
   <subfield code="a">mariNeNjiniariNgu</subfield>
  </datafield>
  <datafield tag="260" ind1="" ind2="">
   <subfield code="a">Tōkyō-to</subfield>
   <subfield code="b">Nihon Hakuyō Kikan Gakkai</subfield>
  </datafield>
  <datafield tag="022" ind1="" ind2="">
   <subfield code="a">1346-1427</subfield>
  </datafield>
  <datafield tag="776" ind1="" ind2="">
   <subfield code="x">1884-3778</subfield>
  </datafield>
  <datafield tag="090" ind1="" ind2="">
   <subfield code="a">1000000000299053</subfield>
  </datafield>
  <datafield tag="945" ind1="" ind2="">
   <subfield code="m">マリンエンジニアリング</subfield>
   <subfield code="s">ま り ん え ん し に あ り ん く</subfield>
  </datafield>
  <datafield tag="866" ind1="" ind2="">
   <subfield code="a">Available from 2001 volume: 36 issue: 1 until 2008 volume: 43 issue: 6. </subfield>
   <subfield code="s">1000000000002132</subfield>
   <subfield code="t">1000000000001480</subfield>
   <subfield code="x">JST Journal@rchive:Full Text</subfield>
   <subfield code="z">2670000000140846</subfield>
  </datafield>
 </record>