
 <record>
  <leader>-----nas-a2200000z--4500</leader>
  <controlfield tag="008">121016uuuuuuuuuxx-uu-|------u|----|jpn-d</controlfield>
  <datafield tag="010" ind1="" ind2="">
   <subfield code="a">  2005243278</subfield>
  </datafield>
  <datafield tag="245" ind1="" ind2="">
   <subfield code="a">顕微鏡</subfield>
  </datafield>
  <datafield tag="246" ind1="" ind2="">
   <subfield code="a">KENBIKYō</subfield>
  </datafield>
  <datafield tag="246" ind1="" ind2="">
   <subfield code="a">KENBIKYOU</subfield>
  </datafield>
  <datafield tag="260" ind1="" ind2="">
   <subfield code="a">東京</subfield>
   <subfield code="b">日本顕微鏡学会</subfield>
  </datafield>
  <datafield tag="022" ind1="" ind2="">
   <subfield code="a">1349-0958</subfield>
  </datafield>
  <datafield tag="090" ind1="" ind2="">
   <subfield code="a">1000000000301161</subfield>
  </datafield>
  <datafield tag="945" ind1="" ind2="">
   <subfield code="m">ケンビキョウ</subfield>
   <subfield code="s">け ん ひ き よ う</subfield>
  </datafield>
  <datafield tag="866" ind1="" ind2="">
   <subfield code="a">Available from 2004 volume: 39 issue: 1 until 2007 volume: 42. </subfield>
   <subfield code="s">1000000000002132</subfield>
   <subfield code="t">1000000000001480</subfield>
   <subfield code="x">JST Journal@rchive:Full Text</subfield>
   <subfield code="z">1000000002071904</subfield>
  </datafield>
 </record>