
 <record>
  <leader>-----nas-a2200000z--4500</leader>
  <controlfield tag="008">121016uuuuuuuuuxx-uu-|------u|----|jpn-d</controlfield>
  <datafield tag="010" ind1="" ind2="">
   <subfield code="a">  2006210834</subfield>
  </datafield>
  <datafield tag="245" ind1="" ind2="0">
   <subfield code="a">経済学史研究</subfield>
  </datafield>
  <datafield tag="246" ind1="" ind2="">
   <subfield code="a">KEIZAI GAKUSHI KENKYū</subfield>
  </datafield>
  <datafield tag="260" ind1="" ind2="">
   <subfield code="a">横浜</subfield>
   <subfield code="b">経済学史学会</subfield>
  </datafield>
  <datafield tag="022" ind1="" ind2="">
   <subfield code="a">1880-3164</subfield>
  </datafield>
  <datafield tag="090" ind1="" ind2="">
   <subfield code="a">1000000000309090</subfield>
  </datafield>
  <datafield tag="945" ind1="" ind2="">
   <subfield code="m">ケイザイガクシケンキュウ</subfield>
   <subfield code="s">け い さ い か く し け ん き ゆ う</subfield>
  </datafield>
  <datafield tag="866" ind1="" ind2="">
   <subfield code="a">Available from 2005 volume: 47 issue: 1 until 2009 volume: 50 issue: 2. </subfield>
   <subfield code="s">1000000000002132</subfield>
   <subfield code="t">1000000000001480</subfield>
   <subfield code="x">JST Journal@rchive:Full Text</subfield>
   <subfield code="z">3150000000000285</subfield>
  </datafield>
  <datafield tag="650" ind1="" ind2="4">
   <subfield code="a">Business and Economics</subfield>
   <subfield code="x">Economics</subfield>
  </datafield>
 </record>