
 <record>
  <leader>-----nas-a2200000z--4500</leader>
  <controlfield tag="008">121016uuuuuuuuuxx-uu-|------u|----|jpn-d</controlfield>
  <datafield tag="245" ind1="" ind2="0">
   <subfield code="a">日本中央競馬会競走馬保健研究所報告</subfield>
  </datafield>
  <datafield tag="246" ind1="" ind2="">
   <subfield code="a">NIPPONCHUOKEIBAKAIKYOSOBAHOKENKENKYUJOHOKOKU</subfield>
  </datafield>
  <datafield tag="246" ind1="" ind2="">
   <subfield code="a">EXPERIMENTAL REPORTS OF EQUINE HEALTH LABORATORY</subfield>
  </datafield>
  <datafield tag="246" ind1="" ind2="">
   <subfield code="a">NIPPONCHUUOUKEIBAKAIKYOUSOUBAHOKENKENKYUUJOHOUKOKU</subfield>
  </datafield>
  <datafield tag="260" ind1="" ind2="">
   <subfield code="a">Tokyo</subfield>
   <subfield code="b">Nippon Chuokeiba-kai, Kyosoba Hoken Kenkyusho</subfield>
  </datafield>
  <datafield tag="022" ind1="" ind2="">
   <subfield code="a">0368-5543</subfield>
  </datafield>
  <datafield tag="776" ind1="" ind2="">
   <subfield code="x">1884-4634</subfield>
  </datafield>
  <datafield tag="090" ind1="" ind2="">
   <subfield code="a">1000000000327931</subfield>
  </datafield>
  <datafield tag="945" ind1="" ind2="">
   <subfield code="m">ニッポンチュウオウケイバカイキョウソウバホケンケンキュウジョホウコク</subfield>
   <subfield code="s">に つ ほ ん ち ゆ う お う け い は か い き よ う そ う は ほ け ん け ん き ゆ う し よ ほ う こ く</subfield>
  </datafield>
  <datafield tag="866" ind1="" ind2="">
   <subfield code="a">Available from 1961 volume: 1961 issue: 1 until 1976 volume: 1976 issue: 13. </subfield>
   <subfield code="s">1000000000002132</subfield>
   <subfield code="t">1000000000001480</subfield>
   <subfield code="x">JST Journal@rchive:Full Text</subfield>
   <subfield code="z">2550000000060812</subfield>
  </datafield>
 </record>