
 <record>
  <leader>-----nas-a2200000z--4500</leader>
  <controlfield tag="008">121016uuuuuuuuuxx-uu-|------u|----|jpn-d</controlfield>
  <datafield tag="245" ind1="" ind2="0">
   <subfield code="a">家畜繁殖研究會誌</subfield>
  </datafield>
  <datafield tag="246" ind1="" ind2="">
   <subfield code="a">THE JAPANESE JOURNAL OF ANIMAL REPRODUCTION</subfield>
  </datafield>
  <datafield tag="210" ind1="" ind2="">
   <subfield code="a">家畜繁殖研究會誌</subfield>
  </datafield>
  <datafield tag="246" ind1="" ind2="">
   <subfield code="a">KACHIKUHANSHOKUKENKYUUKAISHI</subfield>
  </datafield>
  <datafield tag="260" ind1="" ind2="">
   <subfield code="b">日本繁殖生物学会</subfield>
  </datafield>
  <datafield tag="022" ind1="" ind2="">
   <subfield code="a">0453-0551</subfield>
  </datafield>
  <datafield tag="090" ind1="" ind2="">
   <subfield code="a">1000000000328088</subfield>
  </datafield>
  <datafield tag="945" ind1="" ind2="">
   <subfield code="m">カチクハンショクケンキュウカイシ</subfield>
   <subfield code="s">か ち く は ん し よ く け ん き ゆ う か い し</subfield>
  </datafield>
  <datafield tag="866" ind1="" ind2="">
   <subfield code="a">Available from 1955 volume: 1 issue: 1 until 1977 volume: 22 issue: 4. </subfield>
   <subfield code="s">1000000000002132</subfield>
   <subfield code="t">1000000000001480</subfield>
   <subfield code="x">JST Journal@rchive:Full Text</subfield>
   <subfield code="z">1000000001030159</subfield>
  </datafield>
 </record>