
 <record>
  <leader>-----nas-a2200000z--4500</leader>
  <controlfield tag="008">121016uuuuuuuuuxx-uu-|------u|----|jpn-d</controlfield>
  <datafield tag="245" ind1="" ind2="0">
   <subfield code="a">体外循環技術</subfield>
  </datafield>
  <datafield tag="246" ind1="" ind2="">
   <subfield code="a">TAIGAI JUNKAN GIJYUTSU</subfield>
  </datafield>
  <datafield tag="246" ind1="" ind2="">
   <subfield code="a">TAIGAIJUNKANGIJUTSU</subfield>
  </datafield>
  <datafield tag="246" ind1="" ind2="">
   <subfield code="a">TAIGAI JYUNKAN GIJYUTSU</subfield>
  </datafield>
  <datafield tag="260" ind1="" ind2="">
   <subfield code="b">Japan Society of Extra-Corrporeal Technology</subfield>
  </datafield>
  <datafield tag="022" ind1="" ind2="">
   <subfield code="a">0912-2664</subfield>
  </datafield>
  <datafield tag="776" ind1="" ind2="">
   <subfield code="x">1884-5452</subfield>
  </datafield>
  <datafield tag="090" ind1="" ind2="">
   <subfield code="a">1000000000329093</subfield>
  </datafield>
  <datafield tag="945" ind1="" ind2="">
   <subfield code="m">タイガイジュンカンギジュツ</subfield>
   <subfield code="s">た い か い し ゆ ん か ん き し ゆ つ</subfield>
  </datafield>
  <datafield tag="866" ind1="" ind2="">
   <subfield code="a">Available from 1975 volume: 1 issue: 1 until 2008 volume: 35 issue: 4. </subfield>
   <subfield code="s">1000000000002132</subfield>
   <subfield code="t">1000000000001480</subfield>
   <subfield code="x">JST Journal@rchive:Full Text</subfield>
   <subfield code="z">2550000000060836</subfield>
  </datafield>
 </record>