
 <record>
  <leader>-----nas-a2200000z--4500</leader>
  <controlfield tag="008">121016uuuuuuuuuxx-uu-|------u|----|jpn-d</controlfield>
  <datafield tag="245" ind1="" ind2="0">
   <subfield code="a">日本乳癌検診学会誌</subfield>
  </datafield>
  <datafield tag="246" ind1="" ind2="">
   <subfield code="a">NIHON NYUGAN KENSHIN GAKKAISHI</subfield>
  </datafield>
  <datafield tag="246" ind1="" ind2="">
   <subfield code="a">JOURNAL OF JAPAN ASSOCIATION OF BREAST CANCER SCREENING</subfield>
  </datafield>
  <datafield tag="246" ind1="" ind2="">
   <subfield code="a">NIPPONNYUUGANKENSHINGAKKAISHI</subfield>
  </datafield>
  <datafield tag="260" ind1="" ind2="">
   <subfield code="b">Japan Association of Breast Cancer Screening</subfield>
  </datafield>
  <datafield tag="022" ind1="" ind2="">
   <subfield code="a">0918-0729</subfield>
  </datafield>
  <datafield tag="776" ind1="" ind2="">
   <subfield code="x">1882-6873</subfield>
  </datafield>
  <datafield tag="090" ind1="" ind2="">
   <subfield code="a">1000000000329109</subfield>
  </datafield>
  <datafield tag="945" ind1="" ind2="">
   <subfield code="m">ニホンニュウガンケンシンガッカイシ</subfield>
   <subfield code="s">に ほ ん に ゆ う か ん け ん し ん か つ か い し</subfield>
  </datafield>
  <datafield tag="866" ind1="" ind2="">
   <subfield code="a">Available from 1992 volume: 1 issue: 1 until 2006 volume: 15 issue: 3. </subfield>
   <subfield code="s">1000000000002132</subfield>
   <subfield code="t">1000000000001480</subfield>
   <subfield code="x">JST Journal@rchive:Full Text</subfield>
   <subfield code="z">2670000000290518</subfield>
  </datafield>
 </record>