
 <record>
  <leader>-----nas-a2200000z--4500</leader>
  <controlfield tag="008">121016uuuuuuuuuxx-uu-|------u|----|jpn-d</controlfield>
  <datafield tag="245" ind1="" ind2="0">
   <subfield code="a">サルコイドーシス/肉芽腫性疾患</subfield>
  </datafield>
  <datafield tag="246" ind1="" ind2="">
   <subfield code="a">SARUKOIDOSHISUNIKUGASHUSEISHIKKANN</subfield>
  </datafield>
  <datafield tag="246" ind1="" ind2="">
   <subfield code="a">SARUKOIDOSHISU NIKUGASHUSEI SHIKKANN</subfield>
  </datafield>
  <datafield tag="246" ind1="" ind2="">
   <subfield code="a">NIHON SARUKOIDOSHISU NIKUGASHUSEI SIKKAN GAKKAI ZASSHI</subfield>
  </datafield>
  <datafield tag="246" ind1="" ind2="">
   <subfield code="a">THE JAPANESE JOURNAL OF SARCOIDOSIS AND OTHER GRANULOMATOUS DISORDERS</subfield>
  </datafield>
  <datafield tag="246" ind1="" ind2="">
   <subfield code="a">SARUKOIDOSHISU/NIKUGASHUSEISHIKKAN</subfield>
  </datafield>
  <datafield tag="260" ind1="" ind2="">
   <subfield code="b">Japan Society of Sarcoidosis and other Granulomatous Disorders</subfield>
  </datafield>
  <datafield tag="022" ind1="" ind2="">
   <subfield code="a">1345-0565</subfield>
  </datafield>
  <datafield tag="776" ind1="" ind2="">
   <subfield code="x">1884-6122</subfield>
  </datafield>
  <datafield tag="090" ind1="" ind2="">
   <subfield code="a">1000000000329163</subfield>
  </datafield>
  <datafield tag="945" ind1="" ind2="">
   <subfield code="m">サルコイドーシス/ニクガシュセイシッカン</subfield>
   <subfield code="s">さ る こ い と お し す に く か し ゆ せ い し つ か ん</subfield>
  </datafield>
  <datafield tag="866" ind1="" ind2="">
   <subfield code="a">Available from 1999 volume: 19 issue: 1 until 2008 volume: 28 issue: 1. </subfield>
   <subfield code="s">1000000000002132</subfield>
   <subfield code="t">1000000000001480</subfield>
   <subfield code="x">JST Journal@rchive:Full Text</subfield>
   <subfield code="z">2670000000184983</subfield>
  </datafield>
 </record>