
 <record>
  <leader>-----nas-a2200000z--4500</leader>
  <controlfield tag="008">121016uuuuuuuuuxx-uu-|------u|----|jpn-d</controlfield>
  <datafield tag="245" ind1="" ind2="0">
   <subfield code="a">日本泌尿器病學會雜誌</subfield>
  </datafield>
  <datafield tag="260" ind1="" ind2="">
   <subfield code="b">社団法人日本泌尿器科学会</subfield>
  </datafield>
  <datafield tag="090" ind1="" ind2="">
   <subfield code="a">1000000000329723</subfield>
  </datafield>
  <datafield tag="945" ind1="" ind2="">
   <subfield code="m">にほん ひにょうきびょう がっかい ざっし</subfield>
   <subfield code="s">に ほ ん   ひ に よ う き ひ よ う   か つ か い   さ つ し</subfield>
  </datafield>
  <datafield tag="866" ind1="" ind2="">
   <subfield code="a">Available from 1912 volume: 1 issue: 1 until 1927 volume: 16 issue: 6. </subfield>
   <subfield code="s">1000000000002132</subfield>
   <subfield code="t">1000000000001480</subfield>
   <subfield code="x">JST Journal@rchive:Full Text</subfield>
   <subfield code="z">3150000000000291</subfield>
  </datafield>
 </record>