
 <record>
  <leader>-----nas-a2200000z--4500</leader>
  <controlfield tag="008">121016uuuuuuuuuxx-uu-|------u|----|jpn-d</controlfield>
  <datafield tag="245" ind1="" ind2="">
   <subfield code="a">帝国学士院記事</subfield>
  </datafield>
  <datafield tag="210" ind1="" ind2="">
   <subfield code="a">帝國學士院紀事</subfield>
  </datafield>
  <datafield tag="260" ind1="" ind2="">
   <subfield code="b">日本学士院</subfield>
  </datafield>
  <datafield tag="022" ind1="" ind2="">
   <subfield code="a">0387-9984</subfield>
  </datafield>
  <datafield tag="090" ind1="" ind2="">
   <subfield code="a">1000000000526879</subfield>
  </datafield>
  <datafield tag="945" ind1="" ind2="">
   <subfield code="m">テイコクガクシインキジ</subfield>
   <subfield code="s">て い こ く か く し い ん き し</subfield>
  </datafield>
  <datafield tag="866" ind1="" ind2="">
   <subfield code="a">Available from 1942 volume: 1 issue: 1 until 1947 volume: 5 issue: 3. </subfield>
   <subfield code="s">1000000000002132</subfield>
   <subfield code="t">1000000000001480</subfield>
   <subfield code="x">JST Journal@rchive:Full Text</subfield>
   <subfield code="z">1000000002071893</subfield>
  </datafield>
 </record>