
 <record>
  <leader>-----nas-a2200000z--4500</leader>
  <controlfield tag="008">121016uuuuuuuuuxx-uu-|------u|----|jpn-d</controlfield>
  <datafield tag="245" ind1="" ind2="0">
   <subfield code="a">農作業研究</subfield>
  </datafield>
  <datafield tag="246" ind1="" ind2="">
   <subfield code="a">JAPANESE JOURNAL OF FARM WORK RESEARCH</subfield>
  </datafield>
  <datafield tag="246" ind1="" ind2="">
   <subfield code="a">NOSAGYO KENKYU</subfield>
  </datafield>
  <datafield tag="260" ind1="" ind2="">
   <subfield code="a">Ami-machi, Ibaraki-ken</subfield>
   <subfield code="b">Nihon nousagyou kenkyuukai</subfield>
  </datafield>
  <datafield tag="022" ind1="" ind2="">
   <subfield code="a">0389-1763</subfield>
  </datafield>
  <datafield tag="776" ind1="" ind2="">
   <subfield code="x">1883-2261</subfield>
  </datafield>
  <datafield tag="090" ind1="" ind2="">
   <subfield code="a">1000000000543218</subfield>
  </datafield>
  <datafield tag="945" ind1="" ind2="">
   <subfield code="m">ノウサギョウケンキュウ</subfield>
   <subfield code="s">の う さ き よ う け ん き ゆ う</subfield>
  </datafield>
  <datafield tag="866" ind1="" ind2="">
   <subfield code="a">Available from 1966 volume: 1966 issue: 1 until 2007 volume: 42 issue: 1. </subfield>
   <subfield code="s">1000000000002132</subfield>
   <subfield code="t">1000000000001480</subfield>
   <subfield code="x">JST Journal@rchive:Full Text</subfield>
   <subfield code="z">3150000000000295</subfield>
  </datafield>
 </record>