
 <record>
  <leader>-----nas-a2200000z--4500</leader>
  <controlfield tag="008">121016uuuuuuuuuxx-uu-|------u|----|jpn-d</controlfield>
  <datafield tag="245" ind1="" ind2="0">
   <subfield code="a">ジオシンセティックス論文集</subfield>
  </datafield>
  <datafield tag="246" ind1="" ind2="">
   <subfield code="a">JIOSHINSETHIKKUSURONBUNSHU</subfield>
  </datafield>
  <datafield tag="246" ind1="" ind2="">
   <subfield code="a">GEOSYNTHETICS ENGINEERING JOURNAL</subfield>
  </datafield>
  <datafield tag="246" ind1="" ind2="">
   <subfield code="a">JIOSHINSETHIKKUSU RONBUNSHU</subfield>
  </datafield>
  <datafield tag="260" ind1="" ind2="">
   <subfield code="a">Toukyou</subfield>
   <subfield code="b">Kokusai jioshinsetikkusu gakkai nihon shibu</subfield>
  </datafield>
  <datafield tag="022" ind1="" ind2="">
   <subfield code="a">1344-6193</subfield>
  </datafield>
  <datafield tag="776" ind1="" ind2="">
   <subfield code="x">1883-146X</subfield>
  </datafield>
  <datafield tag="090" ind1="" ind2="">
   <subfield code="a">1000000000543220</subfield>
  </datafield>
  <datafield tag="945" ind1="" ind2="">
   <subfield code="m">ジオシンセティックスロンブンシュウ</subfield>
   <subfield code="s">し お し ん せ て い つ く す ろ ん ふ ん し ゆ う</subfield>
  </datafield>
  <datafield tag="866" ind1="" ind2="">
   <subfield code="a">Available from 1998 volume: 13 until 2006 volume: 21. </subfield>
   <subfield code="s">1000000000002132</subfield>
   <subfield code="t">1000000000001480</subfield>
   <subfield code="x">JST Journal@rchive:Full Text</subfield>
   <subfield code="z">2610000000000324</subfield>
  </datafield>
 </record>