
 <record>
  <leader>-----nas-a2200000z--4500</leader>
  <controlfield tag="008">121016uuuuuuuuuxx-uu-|------u|----|jpn-d</controlfield>
  <datafield tag="245" ind1="" ind2="0">
   <subfield code="a">形態・機能</subfield>
  </datafield>
  <datafield tag="246" ind1="" ind2="">
   <subfield code="a">STRUCTURE AND FUNCTION</subfield>
  </datafield>
  <datafield tag="246" ind1="" ind2="">
   <subfield code="a">keitai・kinou</subfield>
  </datafield>
  <datafield tag="260" ind1="" ind2="">
   <subfield code="a">豊明</subfield>
   <subfield code="b">コ・メディカル形態機能学研究会</subfield>
  </datafield>
  <datafield tag="022" ind1="" ind2="">
   <subfield code="a">1347-7145</subfield>
  </datafield>
  <datafield tag="776" ind1="" ind2="">
   <subfield code="x">1884-6084</subfield>
  </datafield>
  <datafield tag="090" ind1="" ind2="">
   <subfield code="a">1000000000716961</subfield>
  </datafield>
  <datafield tag="945" ind1="" ind2="">
   <subfield code="m">ケイタイ・キノウ</subfield>
   <subfield code="s">け い た い き の う</subfield>
  </datafield>
  <datafield tag="866" ind1="" ind2="">
   <subfield code="a">Available from 2002 volume: 1 issue: 1 until 2009 volume: 7 issue: 2. </subfield>
   <subfield code="s">1000000000002132</subfield>
   <subfield code="t">1000000000001480</subfield>
   <subfield code="x">JST Journal@rchive:Full Text</subfield>
   <subfield code="z">2670000000140827</subfield>
  </datafield>
 </record>