
 <record>
  <leader>-----nas-a2200000z--4500</leader>
  <controlfield tag="008">121016uuuuuuuuuxx-uu-|------u|----|jpn-d</controlfield>
  <datafield tag="245" ind1="" ind2="0">
   <subfield code="a">職業リハビリテーション</subfield>
  </datafield>
  <datafield tag="246" ind1="" ind2="">
   <subfield code="a">SHOKUGYO RIHABIRITESHON</subfield>
  </datafield>
  <datafield tag="246" ind1="" ind2="">
   <subfield code="a">SHOKUGYOURIHABIRITESHON</subfield>
  </datafield>
  <datafield tag="260" ind1="" ind2="">
   <subfield code="b">Japan Society of Vocational Rehabilitation</subfield>
  </datafield>
  <datafield tag="022" ind1="" ind2="">
   <subfield code="a">0915-0870</subfield>
  </datafield>
  <datafield tag="776" ind1="" ind2="">
   <subfield code="x">2186-1331</subfield>
  </datafield>
  <datafield tag="090" ind1="" ind2="">
   <subfield code="a">1000000000760190</subfield>
  </datafield>
  <datafield tag="945" ind1="" ind2="">
   <subfield code="m">ショクギョウリハビリテーション</subfield>
   <subfield code="s">し よ く き よ う り は ひ り て え し よ ん</subfield>
  </datafield>
  <datafield tag="866" ind1="" ind2="">
   <subfield code="a">Available from 1987 volume: 1 until 2009 volume: 22 issue: 2. </subfield>
   <subfield code="s">1000000000002132</subfield>
   <subfield code="t">1000000000001480</subfield>
   <subfield code="x">JST Journal@rchive:Full Text</subfield>
   <subfield code="z">2670000000290473</subfield>
  </datafield>
 </record>