
 <record>
  <leader>-----nas-a2200000z--4500</leader>
  <controlfield tag="008">121016uuuuuuuuuxx-uu-|------u|----|jpn-d</controlfield>
  <datafield tag="245" ind1="" ind2="0">
   <subfield code="a">衛生学及細菌学時報</subfield>
  </datafield>
  <datafield tag="210" ind1="" ind2="">
   <subfield code="a">衛生學及細菌学時報</subfield>
  </datafield>
  <datafield tag="246" ind1="" ind2="">
   <subfield code="a">EISEIGAKU OYOBI SAIKINGAKUJIHOU</subfield>
  </datafield>
  <datafield tag="260" ind1="" ind2="">
   <subfield code="a">京都</subfield>
   <subfield code="b">細菌学時報社</subfield>
  </datafield>
  <datafield tag="776" ind1="" ind2="">
   <subfield code="x">1883-6933</subfield>
  </datafield>
  <datafield tag="090" ind1="" ind2="">
   <subfield code="a">1000000000792237</subfield>
  </datafield>
  <datafield tag="945" ind1="" ind2="">
   <subfield code="m">エイセイガクオヨビサイキンガクジホウ</subfield>
   <subfield code="s">え い せ い か く お よ ひ さ い き ん か く し ほ う</subfield>
  </datafield>
  <datafield tag="866" ind1="" ind2="">
   <subfield code="a">Available from 1904 volume: 1 until 1914 volume: 6. </subfield>
   <subfield code="s">1000000000002132</subfield>
   <subfield code="t">1000000000001480</subfield>
   <subfield code="x">JST Journal@rchive:Full Text</subfield>
   <subfield code="z">1000000002071936</subfield>
  </datafield>
 </record>