
 <record>
  <leader>-----nas-a2200000z--4500</leader>
  <controlfield tag="008">121016uuuuuuuuuxx-uu-|------u|----|jpn-d</controlfield>
  <datafield tag="245" ind1="" ind2="">
   <subfield code="a">東京数学物理学会記事</subfield>
  </datafield>
  <datafield tag="210" ind1="" ind2="">
   <subfield code="a">東京數學物理學會記事</subfield>
  </datafield>
  <datafield tag="260" ind1="" ind2="">
   <subfield code="b">日本物理学会，日本数学会</subfield>
  </datafield>
  <datafield tag="090" ind1="" ind2="">
   <subfield code="a">1000000000792244</subfield>
  </datafield>
  <datafield tag="945" ind1="" ind2="">
   <subfield code="m">トウキョウスウガクブツリガッカイキジ</subfield>
   <subfield code="s">と う き よ う す う か く ふ つ り か つ か い き し</subfield>
  </datafield>
  <datafield tag="866" ind1="" ind2="">
   <subfield code="s">1000000000002132</subfield>
   <subfield code="t">1000000000001480</subfield>
   <subfield code="x">JST Journal@rchive:Full Text</subfield>
   <subfield code="z">1000000002071943</subfield>
  </datafield>
 </record>