
 <record>
  <leader>-----nas-a2200000z--4500</leader>
  <controlfield tag="008">121016uuuuuuuuuxx-uu-|------u|----|jpn-d</controlfield>
  <datafield tag="245" ind1="" ind2="">
   <subfield code="a">法哲学四季報</subfield>
  </datafield>
  <datafield tag="260" ind1="" ind2="">
   <subfield code="b">日本法哲学会</subfield>
  </datafield>
  <datafield tag="090" ind1="" ind2="">
   <subfield code="a">1000000000792247</subfield>
  </datafield>
  <datafield tag="945" ind1="" ind2="">
   <subfield code="m">ホウテツガクシキホウ</subfield>
   <subfield code="s">ほ う て つ か く し き ほ う</subfield>
  </datafield>
  <datafield tag="866" ind1="" ind2="">
   <subfield code="a">Available from 1948 volume: 1948 issue: 1 until 1951 volume: 1951 issue: 9. </subfield>
   <subfield code="s">1000000000002132</subfield>
   <subfield code="t">1000000000001480</subfield>
   <subfield code="x">JST Journal@rchive:Full Text</subfield>
   <subfield code="z">1000000002071947</subfield>
  </datafield>
 </record>