
 <record>
  <leader>-----nas-a2200000z--4500</leader>
  <controlfield tag="008">121016uuuuuuuuuxx-uu-|------u|----|jpn-d</controlfield>
  <datafield tag="245" ind1="" ind2="">
   <subfield code="a">岩石鉱物鉱床学</subfield>
  </datafield>
  <datafield tag="210" ind1="" ind2="">
   <subfield code="a">岩石礦物礦床學</subfield>
  </datafield>
  <datafield tag="260" ind1="" ind2="">
   <subfield code="b">日本鉱物科学会</subfield>
  </datafield>
  <datafield tag="776" ind1="" ind2="">
   <subfield code="x">1883-0757</subfield>
  </datafield>
  <datafield tag="090" ind1="" ind2="">
   <subfield code="a">1000000000792257</subfield>
  </datafield>
  <datafield tag="945" ind1="" ind2="">
   <subfield code="m">ガンセキコウブツコウショウガク</subfield>
   <subfield code="s">か ん せ き こ う ふ つ こ う し よ う か く</subfield>
  </datafield>
  <datafield tag="866" ind1="" ind2="">
   <subfield code="a">Available from 1929 volume: 1 until 1940 volume: 24 issue: 6. </subfield>
   <subfield code="s">1000000000002132</subfield>
   <subfield code="t">1000000000001480</subfield>
   <subfield code="x">JST Journal@rchive:Full Text</subfield>
   <subfield code="z">1000000002071957</subfield>
  </datafield>
 </record>