
 <record>
  <leader>-----nas-a2200000z--4500</leader>
  <controlfield tag="008">121016uuuuuuuuuxx-uu-|------u|----|jpn-d</controlfield>
  <datafield tag="245" ind1="" ind2="">
   <subfield code="a">東北家畜臨床研究会報</subfield>
  </datafield>
  <datafield tag="260" ind1="" ind2="">
   <subfield code="b">日本家畜臨床学会</subfield>
  </datafield>
  <datafield tag="776" ind1="" ind2="">
   <subfield code="x">1883-4582</subfield>
  </datafield>
  <datafield tag="090" ind1="" ind2="">
   <subfield code="a">1000000000792258</subfield>
  </datafield>
  <datafield tag="945" ind1="" ind2="">
   <subfield code="m">トウホクカチクリンショウケンキュウカイホウ</subfield>
   <subfield code="s">と う ほ く か ち く り ん し よ う け ん き ゆ う か い ほ う</subfield>
  </datafield>
  <datafield tag="866" ind1="" ind2="">
   <subfield code="a">Available from 1978 volume: 1978 issue: 1 until 1989 volume: 1989 issue: 12. </subfield>
   <subfield code="s">1000000000002132</subfield>
   <subfield code="t">1000000000001480</subfield>
   <subfield code="x">JST Journal@rchive:Full Text</subfield>
   <subfield code="z">1000000002071958</subfield>
  </datafield>
 </record>