
 <record>
  <leader>-----nas-a2200000z--4500</leader>
  <controlfield tag="008">121016uuuuuuuuuxx-uu-|------u|----|jpn-d</controlfield>
  <datafield tag="245" ind1="" ind2="">
   <subfield code="a">雪工学研究会報</subfield>
  </datafield>
  <datafield tag="260" ind1="" ind2="">
   <subfield code="b">日本雪工学会</subfield>
  </datafield>
  <datafield tag="022" ind1="" ind2="">
   <subfield code="a">0913-0314</subfield>
  </datafield>
  <datafield tag="776" ind1="" ind2="">
   <subfield code="x">1883-8103</subfield>
  </datafield>
  <datafield tag="090" ind1="" ind2="">
   <subfield code="a">1000000000792271</subfield>
  </datafield>
  <datafield tag="945" ind1="" ind2="">
   <subfield code="m">ユキコウガクケンキュウカイホウ</subfield>
   <subfield code="s">ゆ き こ う か く け ん き ゆ う か い ほ う</subfield>
  </datafield>
  <datafield tag="866" ind1="" ind2="">
   <subfield code="a">Available from 1985 volume: 1985 issue: 1 until 1986 volume: 1986 issue: 2. </subfield>
   <subfield code="s">1000000000002132</subfield>
   <subfield code="t">1000000000001480</subfield>
   <subfield code="x">JST Journal@rchive:Full Text</subfield>
   <subfield code="z">1000000002071972</subfield>
  </datafield>
 </record>