
 <record>
  <leader>-----nas-a2200000z--4500</leader>
  <controlfield tag="008">121016uuuuuuuuuxx-uu-|------u|----|eng-d</controlfield>
  <datafield tag="245" ind1="" ind2="0">
   <subfield code="a">JCPE journal</subfield>
  </datafield>
  <datafield tag="260" ind1="" ind2="">
   <subfield code="a">Tsuchiura</subfield>
   <subfield code="b">日本コンピュータ化学会</subfield>
  </datafield>
  <datafield tag="022" ind1="" ind2="">
   <subfield code="a">1344-9826</subfield>
  </datafield>
  <datafield tag="776" ind1="" ind2="">
   <subfield code="x">1883-8367</subfield>
  </datafield>
  <datafield tag="090" ind1="" ind2="">
   <subfield code="a">1000000000792272</subfield>
  </datafield>
  <datafield tag="866" ind1="" ind2="">
   <subfield code="a">Available from 1999 volume: 11 issue: 1 until 2001 volume: 13 issue: 4. </subfield>
   <subfield code="s">1000000000002132</subfield>
   <subfield code="t">1000000000001480</subfield>
   <subfield code="x">JST Journal@rchive:Full Text</subfield>
   <subfield code="z">1000000002071973</subfield>
  </datafield>
 </record>