
 <record>
  <leader>-----nas-a2200000z--4500</leader>
  <controlfield tag="008">121016uuuuuuuuuxx-uu-|------u|----|jpn-d</controlfield>
  <datafield tag="245" ind1="" ind2="">
   <subfield code="a">日本直腸肛門病学会雑誌</subfield>
  </datafield>
  <datafield tag="210" ind1="" ind2="">
   <subfield code="a">日本直腸肛門病學會雑誌</subfield>
  </datafield>
  <datafield tag="260" ind1="" ind2="">
   <subfield code="b">日本大腸肛門病学会</subfield>
  </datafield>
  <datafield tag="776" ind1="" ind2="">
   <subfield code="x">1883-8669</subfield>
  </datafield>
  <datafield tag="090" ind1="" ind2="">
   <subfield code="a">1000000000792273</subfield>
  </datafield>
  <datafield tag="945" ind1="" ind2="">
   <subfield code="m">ニホンチョクチョウコウモンビョウガッカイザッシ</subfield>
   <subfield code="s">に ほ ん ち よ く ち よ う こ う も ん ひ よ う か つ か い さ つ し</subfield>
  </datafield>
  <datafield tag="866" ind1="" ind2="">
   <subfield code="a">Available from 1940 volume: 1 issue: 1 until 1966 volume: 20 issue: 2. </subfield>
   <subfield code="s">1000000000002132</subfield>
   <subfield code="t">1000000000001480</subfield>
   <subfield code="x">JST Journal@rchive:Full Text</subfield>
   <subfield code="z">1000000002071974</subfield>
  </datafield>
 </record>