
 <record>
  <leader>-----nas-a2200000z--4500</leader>
  <controlfield tag="008">121016uuuuuuuuuxx-uu-|------u|----|jpn-d</controlfield>
  <datafield tag="245" ind1="" ind2="">
   <subfield code="a">大日本獣医会誌</subfield>
  </datafield>
  <datafield tag="210" ind1="" ind2="">
   <subfield code="a">大日本獸醫會誌</subfield>
  </datafield>
  <datafield tag="260" ind1="" ind2="">
   <subfield code="b">社団法人 日本獣医学会</subfield>
  </datafield>
  <datafield tag="776" ind1="" ind2="">
   <subfield code="x">1883-910X</subfield>
  </datafield>
  <datafield tag="090" ind1="" ind2="">
   <subfield code="a">1000000000792282</subfield>
  </datafield>
  <datafield tag="945" ind1="" ind2="">
   <subfield code="m">ダイニホンジュウイカイシ</subfield>
   <subfield code="s">た い に ほ ん し ゆ う い か い し</subfield>
  </datafield>
  <datafield tag="866" ind1="" ind2="">
   <subfield code="a">Available from 1885 volume: 1885 issue: 1 until 1887 volume: 1887 issue: 10. </subfield>
   <subfield code="s">1000000000002132</subfield>
   <subfield code="t">1000000000001480</subfield>
   <subfield code="x">JST Journal@rchive:Full Text</subfield>
   <subfield code="z">1000000002071983</subfield>
  </datafield>
 </record>