
 <record>
  <leader>-----nas-a2200000z--4500</leader>
  <controlfield tag="008">121016uuuuuuuuuxx-uu-|------u|----|jpn-d</controlfield>
  <datafield tag="245" ind1="" ind2="">
   <subfield code="a">社会主義経済研究会会報</subfield>
  </datafield>
  <datafield tag="260" ind1="" ind2="">
   <subfield code="b">比較経済体制学会</subfield>
  </datafield>
  <datafield tag="776" ind1="" ind2="">
   <subfield code="x">1883-9770</subfield>
  </datafield>
  <datafield tag="090" ind1="" ind2="">
   <subfield code="a">1000000000792285</subfield>
  </datafield>
  <datafield tag="945" ind1="" ind2="">
   <subfield code="m">シャカイシュギケイザイケンキュウカイカイホウ</subfield>
   <subfield code="s">し や か い し ゆ き け い さ い け ん き ゆ う か い か い ほ う</subfield>
  </datafield>
  <datafield tag="866" ind1="" ind2="">
   <subfield code="a">Available from 1964 volume: 1964 issue: 1 until 1966 volume: 1966 issue: 5. </subfield>
   <subfield code="s">1000000000002132</subfield>
   <subfield code="t">1000000000001480</subfield>
   <subfield code="x">JST Journal@rchive:Full Text</subfield>
   <subfield code="z">1000000002071986</subfield>
  </datafield>
 </record>