
 <record>
  <leader>-----nas-a2200000z--4500</leader>
  <controlfield tag="008">121016uuuuuuuuuxx-uu-|------u|----|jpn-d</controlfield>
  <datafield tag="245" ind1="" ind2="0">
   <subfield code="a">社会主義経済学会会報</subfield>
  </datafield>
  <datafield tag="246" ind1="" ind2="">
   <subfield code="a">SHAKAISHUGIKEIZAIGAKKAIKAIHOU</subfield>
  </datafield>
  <datafield tag="260" ind1="" ind2="">
   <subfield code="b">比較経済体制学会</subfield>
  </datafield>
  <datafield tag="776" ind1="" ind2="">
   <subfield code="x">1883-9789</subfield>
  </datafield>
  <datafield tag="090" ind1="" ind2="">
   <subfield code="a">1000000000792286</subfield>
  </datafield>
  <datafield tag="945" ind1="" ind2="">
   <subfield code="m">シャカイシュギケイザイガッカイカイホウ</subfield>
   <subfield code="s">し や か い し ゆ き け い さ い か つ か い か い ほ う</subfield>
  </datafield>
  <datafield tag="866" ind1="" ind2="">
   <subfield code="a">Available from 1968 volume: 1968 issue: 7 until 1992 volume: 1992 issue: 30. </subfield>
   <subfield code="s">1000000000002132</subfield>
   <subfield code="t">1000000000001480</subfield>
   <subfield code="x">JST Journal@rchive:Full Text</subfield>
   <subfield code="z">1000000002071987</subfield>
  </datafield>
 </record>