
 <record>
  <leader>-----nas-a2200000z--4500</leader>
  <controlfield tag="008">121016uuuuuuuuuxx-uu-|------u|----|jpn-d</controlfield>
  <datafield tag="245" ind1="" ind2="0">
   <subfield code="a">比較経済研究</subfield>
  </datafield>
  <datafield tag="246" ind1="" ind2="">
   <subfield code="a">HIKAKU KEIZAI KENKYU</subfield>
  </datafield>
  <datafield tag="260" ind1="" ind2="">
   <subfield code="b">比較経済体制学会</subfield>
  </datafield>
  <datafield tag="022" ind1="" ind2="">
   <subfield code="a">1880-5647</subfield>
  </datafield>
  <datafield tag="776" ind1="" ind2="">
   <subfield code="x">1883-9819</subfield>
  </datafield>
  <datafield tag="090" ind1="" ind2="">
   <subfield code="a">1000000000792289</subfield>
  </datafield>
  <datafield tag="945" ind1="" ind2="">
   <subfield code="m">ヒカクケイザイケンキュウ</subfield>
   <subfield code="s">ひ か く け い さ い け ん き ゆ う</subfield>
  </datafield>
  <datafield tag="866" ind1="" ind2="">
   <subfield code="a">Available from 2006 volume: 43 issue: 1 until 2007 volume: 44 issue: 2. </subfield>
   <subfield code="s">1000000000002132</subfield>
   <subfield code="t">1000000000001480</subfield>
   <subfield code="x">JST Journal@rchive:Full Text</subfield>
   <subfield code="z">1000000002071990</subfield>
  </datafield>
 </record>