
 <record>
  <leader>-----nas-a2200000z--4500</leader>
  <controlfield tag="008">121016uuuuuuuuuxx-uu-|------u|----|jpn-d</controlfield>
  <datafield tag="245" ind1="" ind2="0">
   <subfield code="a">造船協會年報</subfield>
  </datafield>
  <datafield tag="210" ind1="" ind2="">
   <subfield code="a">造船協會年報</subfield>
  </datafield>
  <datafield tag="246" ind1="" ind2="">
   <subfield code="a">ZOUSENKYOUKAINENPOU</subfield>
  </datafield>
  <datafield tag="260" ind1="" ind2="">
   <subfield code="b">社団法人 日本船舶海洋工学会</subfield>
  </datafield>
  <datafield tag="776" ind1="" ind2="">
   <subfield code="x">1884-2046</subfield>
  </datafield>
  <datafield tag="090" ind1="" ind2="">
   <subfield code="a">1000000000792295</subfield>
  </datafield>
  <datafield tag="945" ind1="" ind2="">
   <subfield code="m">ゾウセンキョウカイネンポウ</subfield>
   <subfield code="s">そ う せ ん き よ う か い ね ん ほ う</subfield>
  </datafield>
  <datafield tag="866" ind1="" ind2="">
   <subfield code="a">Available from 1897 volume: 1897 issue: 1 until 1902 volume: 1902 issue: 6. </subfield>
   <subfield code="s">1000000000002132</subfield>
   <subfield code="t">1000000000001480</subfield>
   <subfield code="x">JST Journal@rchive:Full Text</subfield>
   <subfield code="z">1000000002071996</subfield>
  </datafield>
 </record>