
 <record>
  <leader>-----nas-a2200000z--4500</leader>
  <controlfield tag="008">121016uuuuuuuuuxx-uu-|------u|----|jpn-d</controlfield>
  <datafield tag="245" ind1="" ind2="">
   <subfield code="a">スポーツ産業学研究</subfield>
  </datafield>
  <datafield tag="246" ind1="" ind2="">
   <subfield code="a">SUPOTSUSANGYOGAKUKENKYU</subfield>
  </datafield>
  <datafield tag="246" ind1="" ind2="">
   <subfield code="a">supotsu sangyogaku kenkyu</subfield>
  </datafield>
  <datafield tag="246" ind1="" ind2="">
   <subfield code="a">SUPOTSUSANGYOUGAKUKENKYUU</subfield>
  </datafield>
  <datafield tag="260" ind1="" ind2="">
   <subfield code="a">Toukyou</subfield>
   <subfield code="b">Nihon supotsu sangyou gakkai</subfield>
  </datafield>
  <datafield tag="022" ind1="" ind2="">
   <subfield code="a">1343-0688</subfield>
  </datafield>
  <datafield tag="776" ind1="" ind2="">
   <subfield code="x">1884-2534</subfield>
  </datafield>
  <datafield tag="090" ind1="" ind2="">
   <subfield code="a">1000000000805143</subfield>
  </datafield>
  <datafield tag="945" ind1="" ind2="">
   <subfield code="m">スポーツサンギョウガクケンキュウ</subfield>
   <subfield code="s">す ほ お つ さ ん き よ う か く け ん き ゆ う</subfield>
  </datafield>
  <datafield tag="866" ind1="" ind2="">
   <subfield code="a">Available from 1991 volume: 1 issue: 1 until 2008 volume: 18 issue: 2. </subfield>
   <subfield code="s">1000000000002132</subfield>
   <subfield code="t">1000000000001480</subfield>
   <subfield code="x">JST Journal@rchive:Full Text</subfield>
   <subfield code="z">2670000000290531</subfield>
  </datafield>
 </record>