
 <record>
  <leader>-----nas-a2200000z--4500</leader>
  <controlfield tag="008">121016uuuuuuuuuxx-uu-|------u|----|jpn-d</controlfield>
  <datafield tag="245" ind1="" ind2="">
   <subfield code="a">サイコアナリティカル英文学論叢</subfield>
  </datafield>
  <datafield tag="246" ind1="" ind2="">
   <subfield code="a">SAIKOANARITEIKARUEIBUNGAKURONSOU</subfield>
  </datafield>
  <datafield tag="260" ind1="" ind2="">
   <subfield code="a">Kyoto</subfield>
   <subfield code="b">Saikoanaritikaru Eibun Gakkai</subfield>
  </datafield>
  <datafield tag="022" ind1="" ind2="">
   <subfield code="a">0386-6009</subfield>
  </datafield>
  <datafield tag="776" ind1="" ind2="">
   <subfield code="x">1884-6386</subfield>
  </datafield>
  <datafield tag="090" ind1="" ind2="">
   <subfield code="a">1000000000818767</subfield>
  </datafield>
  <datafield tag="945" ind1="" ind2="">
   <subfield code="m">サイコアナリティカルエイブンガクロンソウ</subfield>
   <subfield code="s">さ い こ あ な り て い か る え い ふ ん か く ろ ん そ う</subfield>
  </datafield>
  <datafield tag="866" ind1="" ind2="">
   <subfield code="a">Available from 1978 volume: 1978 issue: 1 until 2008 volume: 2008 issue: 28. </subfield>
   <subfield code="s">1000000000002132</subfield>
   <subfield code="t">1000000000001480</subfield>
   <subfield code="x">JST Journal@rchive:Full Text</subfield>
   <subfield code="z">2670000000290502</subfield>
  </datafield>
 </record>