
 <record>
  <leader>-----nas-a2200000z--4500</leader>
  <controlfield tag="008">121016uuuuuuuuuxx-uu-|------u|----|jpn-d</controlfield>
  <datafield tag="245" ind1="" ind2="0">
   <subfield code="a">農業土木研究. 別冊</subfield>
  </datafield>
  <datafield tag="246" ind1="" ind2="">
   <subfield code="a">NOUGYOUDOBOKUKENKYUU. BESSATSU</subfield>
  </datafield>
  <datafield tag="260" ind1="" ind2="">
   <subfield code="a">Tokyo</subfield>
   <subfield code="b">Nōgyō Doboku Gakkai</subfield>
  </datafield>
  <datafield tag="022" ind1="" ind2="">
   <subfield code="a">0549-5652</subfield>
  </datafield>
  <datafield tag="776" ind1="" ind2="">
   <subfield code="x">1884-7226</subfield>
  </datafield>
  <datafield tag="090" ind1="" ind2="">
   <subfield code="a">1000000000819495</subfield>
  </datafield>
  <datafield tag="945" ind1="" ind2="">
   <subfield code="m">ノウギョウドボクケンキュウ. ベッサツ</subfield>
   <subfield code="s">の う き よ う と ほ く け ん き ゆ う   へ つ さ つ</subfield>
  </datafield>
  <datafield tag="866" ind1="" ind2="">
   <subfield code="a">Available from 1960 volume: 1960 issue: 1 until 1965 volume: 1965 issue: 11. </subfield>
   <subfield code="s">1000000000002132</subfield>
   <subfield code="t">1000000000001480</subfield>
   <subfield code="x">JST Journal@rchive:Full Text</subfield>
   <subfield code="z">2670000000432243</subfield>
  </datafield>
 </record>