
 <record>
  <leader>-----nas-a2200000z--4500</leader>
  <controlfield tag="008">121016uuuuuuuuuxx-uu-|------u|----|jpn-d</controlfield>
  <datafield tag="245" ind1="" ind2="0">
   <subfield code="a">フードシステム研究</subfield>
  </datafield>
  <datafield tag="246" ind1="" ind2="">
   <subfield code="a">FUDOSHISUTEMUKENKYUU</subfield>
  </datafield>
  <datafield tag="246" ind1="" ind2="">
   <subfield code="a">FUDO SHISUTEMU KENKYU</subfield>
  </datafield>
  <datafield tag="260" ind1="" ind2="">
   <subfield code="a">Fujisawa</subfield>
   <subfield code="b">Nihon fudo shisutemu gakkai</subfield>
  </datafield>
  <datafield tag="022" ind1="" ind2="">
   <subfield code="a">1341-0296</subfield>
  </datafield>
  <datafield tag="776" ind1="" ind2="">
   <subfield code="x">1884-5118</subfield>
  </datafield>
  <datafield tag="090" ind1="" ind2="">
   <subfield code="a">1000000000819590</subfield>
  </datafield>
  <datafield tag="945" ind1="" ind2="">
   <subfield code="m">フードシステムケンキュウ</subfield>
   <subfield code="s">ふ う と し す て む け ん き ゆ う</subfield>
  </datafield>
  <datafield tag="866" ind1="" ind2="">
   <subfield code="a">Available from 1994 volume: 1 issue: 1 until 2009 volume: 15 issue: 4. </subfield>
   <subfield code="s">1000000000002132</subfield>
   <subfield code="t">1000000000001480</subfield>
   <subfield code="x">JST Journal@rchive:Full Text</subfield>
   <subfield code="z">2670000000196154</subfield>
  </datafield>
 </record>