
 <record>
  <leader>-----nas-a2200000z--4500</leader>
  <controlfield tag="008">121016uuuuuuuuuxx-uu-|------u|----|jpn-d</controlfield>
  <datafield tag="245" ind1="" ind2="0">
   <subfield code="a">騒音制御</subfield>
  </datafield>
  <datafield tag="260" ind1="" ind2="">
   <subfield code="a">東京</subfield>
   <subfield code="b">日本騒音制御工学会</subfield>
  </datafield>
  <datafield tag="022" ind1="" ind2="">
   <subfield code="a">0386-8761</subfield>
  </datafield>
  <datafield tag="090" ind1="" ind2="">
   <subfield code="a">2480000000005534</subfield>
  </datafield>
  <datafield tag="945" ind1="" ind2="">
   <subfield code="m">ソウオンセイギョ</subfield>
   <subfield code="s">そ う お ん せ い き よ</subfield>
  </datafield>
  <datafield tag="866" ind1="" ind2="">
   <subfield code="a">Available from 1977 volume: 1 issue: 1 until 2007 volume: 31 issue: 6. </subfield>
   <subfield code="s">1000000000002132</subfield>
   <subfield code="t">1000000000001480</subfield>
   <subfield code="x">JST Journal@rchive:Full Text</subfield>
   <subfield code="z">3150000000000315</subfield>
  </datafield>
 </record>