
 <record>
  <leader>-----nas-a2200000z--4500</leader>
  <controlfield tag="008">121016uuuuuuuuuxx-uu-|------u|----|jpn-d</controlfield>
  <datafield tag="245" ind1="" ind2="0">
   <subfield code="a">頭頸部腫瘍</subfield>
  </datafield>
  <datafield tag="246" ind1="" ind2="">
   <subfield code="a">TOUKEIBUSHUYOU</subfield>
  </datafield>
  <datafield tag="260" ind1="" ind2="">
   <subfield code="b">千葉:頭頸部腫瘍研究会</subfield>
  </datafield>
  <datafield tag="022" ind1="" ind2="">
   <subfield code="a">0911-4335</subfield>
  </datafield>
  <datafield tag="776" ind1="" ind2="">
   <subfield code="x">1883-9878</subfield>
  </datafield>
  <datafield tag="090" ind1="" ind2="">
   <subfield code="a">2490000000000006</subfield>
  </datafield>
  <datafield tag="945" ind1="" ind2="">
   <subfield code="m">トウケイブシュヨウ</subfield>
   <subfield code="s">と う け い ふ し ゆ よ う</subfield>
  </datafield>
  <datafield tag="866" ind1="" ind2="">
   <subfield code="a">Available from 1974 volume: 1 until 2004 volume: 30 issue: 1. </subfield>
   <subfield code="s">1000000000002132</subfield>
   <subfield code="t">1000000000001480</subfield>
   <subfield code="x">JST Journal@rchive:Full Text</subfield>
   <subfield code="z">2670000000185005</subfield>
  </datafield>
 </record>