
 <record>
  <leader>-----nas-a2200000z--4500</leader>
  <controlfield tag="008">121016uuuuuuuuuxx-uu-|------u|----|jpn-d</controlfield>
  <datafield tag="245" ind1="" ind2="">
   <subfield code="a">海岸工学講演会論文集</subfield>
  </datafield>
  <datafield tag="246" ind1="" ind2="">
   <subfield code="a">KAIGANKOGAKUKOENKAIROMBUNSHU</subfield>
  </datafield>
  <datafield tag="260" ind1="" ind2="">
   <subfield code="a">Toukyou</subfield>
   <subfield code="b">Doboku gakkai</subfield>
  </datafield>
  <datafield tag="022" ind1="" ind2="">
   <subfield code="a">0285-7308</subfield>
  </datafield>
  <datafield tag="776" ind1="" ind2="">
   <subfield code="x">1884-8214</subfield>
  </datafield>
  <datafield tag="090" ind1="" ind2="">
   <subfield code="a">2550000000015493</subfield>
  </datafield>
  <datafield tag="945" ind1="" ind2="">
   <subfield code="m">カイガンコウガクコウエンカイロンブンシュウ</subfield>
   <subfield code="s">か い か ん こ う か く こ う え ん か い ろ ん ふ ん し ゆ う</subfield>
  </datafield>
  <datafield tag="866" ind1="" ind2="">
   <subfield code="a">Available from 1970 volume: 17 until 1988 volume: 35. </subfield>
   <subfield code="s">1000000000002132</subfield>
   <subfield code="t">1000000000001480</subfield>
   <subfield code="x">JST Journal@rchive:Full Text</subfield>
   <subfield code="z">2550000000060803</subfield>
  </datafield>
 </record>