
 <record>
  <leader>-----nas-a2200000z--4500</leader>
  <controlfield tag="008">121016uuuuuuuuuxx-uu-|------u|----|jpn-d</controlfield>
  <datafield tag="245" ind1="" ind2="0">
   <subfield code="a">水理講演会講演集</subfield>
  </datafield>
  <datafield tag="246" ind1="" ind2="">
   <subfield code="a">MIZURIKOENKAIKOENSHU</subfield>
  </datafield>
  <datafield tag="246" ind1="" ind2="">
   <subfield code="a">mizurikoueNkaikoueNshuu</subfield>
  </datafield>
  <datafield tag="260" ind1="" ind2="">
   <subfield code="a">Toukyou</subfield>
   <subfield code="b">Doboku gakkai</subfield>
  </datafield>
  <datafield tag="022" ind1="" ind2="">
   <subfield code="a">0913-4174</subfield>
  </datafield>
  <datafield tag="776" ind1="" ind2="">
   <subfield code="x">1884-9156</subfield>
  </datafield>
  <datafield tag="090" ind1="" ind2="">
   <subfield code="a">2550000000015501</subfield>
  </datafield>
  <datafield tag="945" ind1="" ind2="">
   <subfield code="m">ミズリコウエンカイコウエンシュウ</subfield>
   <subfield code="s">み す り こ う え ん か い こ う え ん し ゆ う</subfield>
  </datafield>
  <datafield tag="866" ind1="" ind2="">
   <subfield code="a">Available from 1962 volume: 7 until 1974 volume: 18. </subfield>
   <subfield code="s">1000000000002132</subfield>
   <subfield code="t">1000000000001480</subfield>
   <subfield code="x">JST Journal@rchive:Full Text</subfield>
   <subfield code="z">2550000000060846</subfield>
  </datafield>
 </record>