
 <record>
  <leader>-----nas-a2200000z--4500</leader>
  <controlfield tag="008">121016uuuuuuuuuxx-uu-|------u|----|jpn-d</controlfield>
  <datafield tag="245" ind1="" ind2="0">
   <subfield code="a">環境工学研究論文集</subfield>
  </datafield>
  <datafield tag="246" ind1="" ind2="">
   <subfield code="a">KANKYOKOGAKUKENKYUROMBUNSHU</subfield>
  </datafield>
  <datafield tag="246" ind1="" ind2="">
   <subfield code="a">kaNkyoukougakukeNkyuuroNbuNshuu</subfield>
  </datafield>
  <datafield tag="260" ind1="" ind2="">
   <subfield code="a">Tokyo</subfield>
   <subfield code="b">Doboku Gakkai. Kankyō Kōgaku Iinkai</subfield>
  </datafield>
  <datafield tag="022" ind1="" ind2="">
   <subfield code="a">1341-5115</subfield>
  </datafield>
  <datafield tag="776" ind1="" ind2="">
   <subfield code="x">1884-829X</subfield>
  </datafield>
  <datafield tag="090" ind1="" ind2="">
   <subfield code="a">2550000000015504</subfield>
  </datafield>
  <datafield tag="945" ind1="" ind2="">
   <subfield code="m">カンキョウコウガクケンキュウロンブンシュウ</subfield>
   <subfield code="s">か ん き よ う こ う か く け ん き ゆ う ろ ん ふ ん し ゆ う</subfield>
  </datafield>
  <datafield tag="866" ind1="" ind2="">
   <subfield code="a">Available from 1992 volume: 29 until 2008 volume: 45. </subfield>
   <subfield code="s">1000000000002132</subfield>
   <subfield code="t">1000000000001480</subfield>
   <subfield code="x">JST Journal@rchive:Full Text</subfield>
   <subfield code="z">2550000000060867</subfield>
  </datafield>
 </record>