
 <record>
  <leader>-----nas-a2200000z--4500</leader>
  <controlfield tag="008">121016uuuuuuuuuxx-uu-|------u|----|jpn-d</controlfield>
  <datafield tag="245" ind1="" ind2="">
   <subfield code="a">（社）日本女子体育連盟学術研究</subfield>
  </datafield>
  <datafield tag="246" ind1="" ind2="">
   <subfield code="a">（SHA）NIPPONJOSHITAIKUREMMEIGAKUJUTSUKENKYU</subfield>
  </datafield>
  <datafield tag="246" ind1="" ind2="">
   <subfield code="a">NIHON JOSHI TAIIKU RENMEI GAKUJUTSU KENKYU</subfield>
  </datafield>
  <datafield tag="260" ind1="" ind2="">
   <subfield code="a">Toukyou</subfield>
   <subfield code="b">Nihon joshi taiiku remmei</subfield>
  </datafield>
  <datafield tag="022" ind1="" ind2="">
   <subfield code="a">1882-0980</subfield>
  </datafield>
  <datafield tag="776" ind1="" ind2="">
   <subfield code="x">2185-3401</subfield>
  </datafield>
  <datafield tag="090" ind1="" ind2="">
   <subfield code="a">2550000000015513</subfield>
  </datafield>
  <datafield tag="945" ind1="" ind2="">
   <subfield code="m">ニホンジョシタイイクレンメイガクジュツケンキュウ</subfield>
   <subfield code="s">に ほ ん し よ し た い い く れ ん め い か く し ゆ つ け ん き ゆ う</subfield>
  </datafield>
  <datafield tag="866" ind1="" ind2="">
   <subfield code="a">Available from 2003 volume: 2003 issue: 20 until 2009 volume: 2009 issue: 25. </subfield>
   <subfield code="s">1000000000002132</subfield>
   <subfield code="t">1000000000001480</subfield>
   <subfield code="x">JST Journal@rchive:Full Text</subfield>
   <subfield code="z">2550000000060891</subfield>
  </datafield>
 </record>