
 <record>
  <leader>-----nas-a2200000z--4500</leader>
  <controlfield tag="008">121016uuuuuuuuuxx-uu-|------u|----|jpn-d</controlfield>
  <datafield tag="245" ind1="" ind2="0">
   <subfield code="a">アンサンブル</subfield>
  </datafield>
  <datafield tag="246" ind1="" ind2="">
   <subfield code="a">ANSAMBURU</subfield>
  </datafield>
  <datafield tag="246" ind1="" ind2="">
   <subfield code="a">ANSANBURU</subfield>
  </datafield>
  <datafield tag="260" ind1="" ind2="">
   <subfield code="a">Tsukuba</subfield>
   <subfield code="b">Bunshi shimyureshon kenkyuukai</subfield>
  </datafield>
  <datafield tag="022" ind1="" ind2="">
   <subfield code="a">1884-6750</subfield>
  </datafield>
  <datafield tag="776" ind1="" ind2="">
   <subfield code="x">1884-5088</subfield>
  </datafield>
  <datafield tag="090" ind1="" ind2="">
   <subfield code="a">2550000000015515</subfield>
  </datafield>
  <datafield tag="945" ind1="" ind2="">
   <subfield code="m">アンサンブル</subfield>
   <subfield code="s">あ ん さ ん ふ る</subfield>
  </datafield>
  <datafield tag="866" ind1="" ind2="">
   <subfield code="a">Available from 1999 volume: 1 issue: 5 until 2008 volume: 10 issue: 44. </subfield>
   <subfield code="s">1000000000002132</subfield>
   <subfield code="t">1000000000001480</subfield>
   <subfield code="x">JST Journal@rchive:Full Text</subfield>
   <subfield code="z">2550000000060894</subfield>
  </datafield>
 </record>