
 <record>
  <leader>-----nas-a2200000z--4500</leader>
  <controlfield tag="008">121016uuuuuuuuuxx-uu-|------u|----|jpn-d</controlfield>
  <datafield tag="245" ind1="" ind2="">
   <subfield code="a">老年病</subfield>
  </datafield>
  <datafield tag="260" ind1="" ind2="">
   <subfield code="a">東京</subfield>
   <subfield code="b">金原出版</subfield>
  </datafield>
  <datafield tag="022" ind1="" ind2="">
   <subfield code="a">0485-4349</subfield>
  </datafield>
  <datafield tag="090" ind1="" ind2="">
   <subfield code="a">2580000000000396</subfield>
  </datafield>
  <datafield tag="945" ind1="" ind2="">
   <subfield code="m">ロウネンビョウ</subfield>
   <subfield code="s">ろ う ね ん ひ よ う</subfield>
  </datafield>
  <datafield tag="866" ind1="" ind2="">
   <subfield code="a">Available from 1960 volume: 4 issue: 3 until 1963 volume: 1963. </subfield>
   <subfield code="s">1000000000002132</subfield>
   <subfield code="t">1000000000001480</subfield>
   <subfield code="x">JST Journal@rchive:Full Text</subfield>
   <subfield code="z">3150000000000318</subfield>
  </datafield>
 </record>