
 <record>
  <leader>-----nas-a2200000z--4500</leader>
  <controlfield tag="008">121016uuuuuuuuuxx-uu-|------u|----|jpn-d</controlfield>
  <datafield tag="245" ind1="" ind2="0">
   <subfield code="a">日本疾患モデル学会記録</subfield>
  </datafield>
  <datafield tag="246" ind1="" ind2="">
   <subfield code="a">NIPPONSHIKKANMODERUGAKKAIKIROKU</subfield>
  </datafield>
  <datafield tag="260" ind1="" ind2="">
   <subfield code="a">筑波</subfield>
   <subfield code="b">日本疾患モデル学会</subfield>
  </datafield>
  <datafield tag="022" ind1="" ind2="">
   <subfield code="a">0918-8991</subfield>
  </datafield>
  <datafield tag="776" ind1="" ind2="">
   <subfield code="x">1884-4197</subfield>
  </datafield>
  <datafield tag="090" ind1="" ind2="">
   <subfield code="a">2580000000000403</subfield>
  </datafield>
  <datafield tag="945" ind1="" ind2="">
   <subfield code="m">ニッポンシッカンモデルガッカイキロク</subfield>
   <subfield code="s">に つ ほ ん し つ か ん も て る か つ か い き ろ く</subfield>
  </datafield>
  <datafield tag="866" ind1="" ind2="">
   <subfield code="a">Available from 1992 volume: 8 until 2007 volume: 23. </subfield>
   <subfield code="s">1000000000002132</subfield>
   <subfield code="t">1000000000001480</subfield>
   <subfield code="x">JST Journal@rchive:Full Text</subfield>
   <subfield code="z">2670000000196168</subfield>
  </datafield>
 </record>