
 <record>
  <leader>-----nas-a2200000z--4500</leader>
  <controlfield tag="008">121016uuuuuuuuuxx-uu-|------u|----|eng-d</controlfield>
  <datafield tag="245" ind1="" ind2="0">
   <subfield code="a">W'waves</subfield>
  </datafield>
  <datafield tag="260" ind1="" ind2="">
   <subfield code="a">伊勢原</subfield>
   <subfield code="b">日本癌病態治療研究会</subfield>
  </datafield>
  <datafield tag="022" ind1="" ind2="">
   <subfield code="a">1881-0241</subfield>
  </datafield>
  <datafield tag="090" ind1="" ind2="">
   <subfield code="a">2630000000000027</subfield>
  </datafield>
  <datafield tag="866" ind1="" ind2="">
   <subfield code="a">Available from 1995 volume: 1 issue: 1 until 2007 volume: 13 issue: 1. </subfield>
   <subfield code="s">1000000000002132</subfield>
   <subfield code="t">1000000000001480</subfield>
   <subfield code="x">JST Journal@rchive:Full Text</subfield>
   <subfield code="z">2630000000000079</subfield>
  </datafield>
 </record>