
 <record>
  <leader>-----nas-a2200000z--4500</leader>
  <controlfield tag="008">121016uuuuuuuuuxx-uu-|------u|----|jpn-d</controlfield>
  <datafield tag="245" ind1="" ind2="0">
   <subfield code="a">頭頸部外科</subfield>
  </datafield>
  <datafield tag="246" ind1="" ind2="">
   <subfield code="a">toukeibugeka</subfield>
  </datafield>
  <datafield tag="246" ind1="" ind2="">
   <subfield code="a">TOKEIBU GEKA</subfield>
  </datafield>
  <datafield tag="260" ind1="" ind2="">
   <subfield code="a">東京</subfield>
   <subfield code="b">日本頭頸部外科学会</subfield>
  </datafield>
  <datafield tag="022" ind1="" ind2="">
   <subfield code="a">1349-581X</subfield>
  </datafield>
  <datafield tag="776" ind1="" ind2="">
   <subfield code="x">1884-474X</subfield>
  </datafield>
  <datafield tag="090" ind1="" ind2="">
   <subfield code="a">2670000000006471</subfield>
  </datafield>
  <datafield tag="945" ind1="" ind2="">
   <subfield code="m">トウケイブゲカ</subfield>
   <subfield code="s">と う け い ふ け か</subfield>
  </datafield>
  <datafield tag="866" ind1="" ind2="">
   <subfield code="a">Available from 1991 volume: 1 until 2008 volume: 18 issue: 3. </subfield>
   <subfield code="s">1000000000002132</subfield>
   <subfield code="t">1000000000001480</subfield>
   <subfield code="x">JST Journal@rchive:Full Text</subfield>
   <subfield code="z">2670000000140816</subfield>
  </datafield>
 </record>