
 <record>
  <leader>-----nas-a2200000z--4500</leader>
  <controlfield tag="008">121016uuuuuuuuuxx-uu-|------u|----|jpn-d</controlfield>
  <datafield tag="245" ind1="" ind2="0">
   <subfield code="a">東京人類學會報告</subfield>
  </datafield>
  <datafield tag="246" ind1="" ind2="">
   <subfield code="a">TOKYOJINRUIGAKKAIHOKOKU</subfield>
  </datafield>
  <datafield tag="246" ind1="" ind2="">
   <subfield code="a">TOUKYOUJINRUIGAKKAIHOUKOKU</subfield>
  </datafield>
  <datafield tag="776" ind1="" ind2="">
   <subfield code="x">1884-7633</subfield>
  </datafield>
  <datafield tag="090" ind1="" ind2="">
   <subfield code="a">2670000000029834</subfield>
  </datafield>
  <datafield tag="945" ind1="" ind2="">
   <subfield code="m">トウキョウジンルイガッカイホウコク</subfield>
   <subfield code="s">と う き よ う し ん る い か つ か い ほ う こ く</subfield>
  </datafield>
  <datafield tag="866" ind1="" ind2="">
   <subfield code="a">Available from 1886 volume: 1 issue: 5 until 1887 volume: 2 issue: 17. </subfield>
   <subfield code="s">1000000000002132</subfield>
   <subfield code="t">1000000000001480</subfield>
   <subfield code="x">JST Journal@rchive:Full Text</subfield>
   <subfield code="z">2670000000080196</subfield>
  </datafield>
 </record>