
 <record>
  <leader>-----nas-a2200000z--4500</leader>
  <controlfield tag="008">121016uuuuuuuuuxx-uu-|------u|----|jpn-d</controlfield>
  <datafield tag="245" ind1="" ind2="0">
   <subfield code="a">東京人類学会雑誌</subfield>
  </datafield>
  <datafield tag="260" ind1="" ind2="">
   <subfield code="a">東京</subfield>
   <subfield code="b">東京人類学会事務所</subfield>
  </datafield>
  <datafield tag="022" ind1="" ind2="">
   <subfield code="a">0911-243X</subfield>
  </datafield>
  <datafield tag="776" ind1="" ind2="">
   <subfield code="x">1884-7641</subfield>
  </datafield>
  <datafield tag="090" ind1="" ind2="">
   <subfield code="a">2670000000029835</subfield>
  </datafield>
  <datafield tag="945" ind1="" ind2="">
   <subfield code="m">トウキョウジンルイガッカイザッシ</subfield>
   <subfield code="s">と う き よ う し ん る い か つ か い さ つ し</subfield>
  </datafield>
  <datafield tag="866" ind1="" ind2="">
   <subfield code="a">Available from 1887 volume: 2 issue: 32 until 1911 volume: 26 issue: 54. </subfield>
   <subfield code="s">1000000000002132</subfield>
   <subfield code="t">1000000000001480</subfield>
   <subfield code="x">JST Journal@rchive:Full Text</subfield>
   <subfield code="z">2670000000080197</subfield>
  </datafield>
 </record>