
 <record>
  <leader>-----nas-a2200000z--4500</leader>
  <controlfield tag="008">121016uuuuuuuuuxx-uu-|------u|----|jpn-d</controlfield>
  <datafield tag="245" ind1="" ind2="">
   <subfield code="a">水理研究会講演集</subfield>
  </datafield>
  <datafield tag="246" ind1="" ind2="">
   <subfield code="a">MIZURIKENKYUKAIKOENSHU</subfield>
  </datafield>
  <datafield tag="260" ind1="" ind2="">
   <subfield code="a">Toukyou</subfield>
   <subfield code="b">Doboku gakkai</subfield>
  </datafield>
  <datafield tag="776" ind1="" ind2="">
   <subfield code="x">1884-9148</subfield>
  </datafield>
  <datafield tag="090" ind1="" ind2="">
   <subfield code="a">2670000000029848</subfield>
  </datafield>
  <datafield tag="945" ind1="" ind2="">
   <subfield code="m">ミズリケンキュウカイコウエンシュウ</subfield>
   <subfield code="s">み す り け ん き ゆ う か い こ う え ん し ゆ う</subfield>
  </datafield>
  <datafield tag="866" ind1="" ind2="">
   <subfield code="a">Available from 1956 volume: 1 until 1961 volume: 6. </subfield>
   <subfield code="s">1000000000002132</subfield>
   <subfield code="t">1000000000001480</subfield>
   <subfield code="x">JST Journal@rchive:Full Text</subfield>
   <subfield code="z">2670000000080210</subfield>
  </datafield>
 </record>