
 <record>
  <leader>-----nas-a2200000z--4500</leader>
  <controlfield tag="008">121016uuuuuuuuuxx-uu-|------u|----|jpn-d</controlfield>
  <datafield tag="245" ind1="" ind2="">
   <subfield code="a">国際ナソロジー学会アジア部会会誌</subfield>
  </datafield>
  <datafield tag="246" ind1="" ind2="">
   <subfield code="a">kokusainasorojigakkaiajiabukaikaishi</subfield>
  </datafield>
  <datafield tag="260" ind1="" ind2="">
   <subfield code="a">Toukyou</subfield>
   <subfield code="b">Nihon gaku kougou gakkai</subfield>
  </datafield>
  <datafield tag="776" ind1="" ind2="">
   <subfield code="x">1884-8168</subfield>
  </datafield>
  <datafield tag="090" ind1="" ind2="">
   <subfield code="a">2670000000045744</subfield>
  </datafield>
  <datafield tag="945" ind1="" ind2="">
   <subfield code="m">コクサイナソロジーガッカイアジアブカイカイシ</subfield>
   <subfield code="s">こ く さ い な そ ろ し い か つ か い あ し あ ふ か い か い し</subfield>
  </datafield>
  <datafield tag="866" ind1="" ind2="">
   <subfield code="a">Available from 1979 volume: 1 issue: 1 until 1980 volume: 2 issue: 1. </subfield>
   <subfield code="s">1000000000002132</subfield>
   <subfield code="t">1000000000001480</subfield>
   <subfield code="x">JST Journal@rchive:Full Text</subfield>
   <subfield code="z">2670000000140833</subfield>
  </datafield>
 </record>