
 <record>
  <leader>-----nas-a2200000z--4500</leader>
  <controlfield tag="008">121016uuuuuuuuuxx-uu-|------u|----|jpn-d</controlfield>
  <datafield tag="245" ind1="" ind2="0">
   <subfield code="a">日本顎咬合学会誌</subfield>
  </datafield>
  <datafield tag="246" ind1="" ind2="">
   <subfield code="a">nihongakukougougakkaishi</subfield>
  </datafield>
  <datafield tag="260" ind1="" ind2="">
   <subfield code="a">Toukyou</subfield>
   <subfield code="b">Nihon gaku kougou gakkai</subfield>
  </datafield>
  <datafield tag="776" ind1="" ind2="">
   <subfield code="x">1884-8184</subfield>
  </datafield>
  <datafield tag="090" ind1="" ind2="">
   <subfield code="a">2670000000045745</subfield>
  </datafield>
  <datafield tag="945" ind1="" ind2="">
   <subfield code="m">ニホンガクコウゴウガッカイシ</subfield>
   <subfield code="s">に ほ ん か く こ う こ う か つ か い し</subfield>
  </datafield>
  <datafield tag="866" ind1="" ind2="">
   <subfield code="a">Available from 1982 volume: 3 issue: 1 until 1998 volume: 19 issue: 4. </subfield>
   <subfield code="s">1000000000002132</subfield>
   <subfield code="t">1000000000001480</subfield>
   <subfield code="x">JST Journal@rchive:Full Text</subfield>
   <subfield code="z">2670000000140834</subfield>
  </datafield>
 </record>