
 <record>
  <leader>-----nas-a2200000z--4500</leader>
  <controlfield tag="008">121016uuuuuuuuuxx-uu-|------u|----|jpn-d</controlfield>
  <datafield tag="245" ind1="" ind2="0">
   <subfield code="a">日本草地学会九州支部会報</subfield>
  </datafield>
  <datafield tag="246" ind1="" ind2="">
   <subfield code="a">nippoNkusajigakkaikyuushuushibukaihou</subfield>
  </datafield>
  <datafield tag="776" ind1="" ind2="">
   <subfield code="x">1884-6408</subfield>
  </datafield>
  <datafield tag="090" ind1="" ind2="">
   <subfield code="a">2670000000045749</subfield>
  </datafield>
  <datafield tag="945" ind1="" ind2="">
   <subfield code="m">ニッポンクサジガッカイキュウシュウシブカイホウ</subfield>
   <subfield code="s">に つ ほ ん く さ し か つ か い き ゆ う し ゆ う し ふ か い ほ う</subfield>
  </datafield>
  <datafield tag="866" ind1="" ind2="">
   <subfield code="a">Available from 1970 volume: 1 issue: 1 until 2009 volume: 38 issue: 2. </subfield>
   <subfield code="s">1000000000002132</subfield>
   <subfield code="t">1000000000001480</subfield>
   <subfield code="x">JST Journal@rchive:Full Text</subfield>
   <subfield code="z">2670000000140853</subfield>
  </datafield>
 </record>