
 <record>
  <leader>-----nas-a2200000z--4500</leader>
  <controlfield tag="008">121016uuuuuuuuuxx-uu-|------u|----|jpn-d</controlfield>
  <datafield tag="245" ind1="" ind2="0">
   <subfield code="a">モルフォロギア</subfield>
  </datafield>
  <datafield tag="210" ind1="" ind2="">
   <subfield code="a">モルフォロギア</subfield>
  </datafield>
  <datafield tag="246" ind1="" ind2="">
   <subfield code="a">MORUFUOROGIA: GETETOSHIZENKAGAKU</subfield>
  </datafield>
  <datafield tag="246" ind1="" ind2="">
   <subfield code="a">MORUFUOROGIA</subfield>
  </datafield>
  <datafield tag="260" ind1="" ind2="">
   <subfield code="a">Kyoto</subfield>
   <subfield code="b">Goethe Shizen Kagaku no Tsudoi</subfield>
  </datafield>
  <datafield tag="022" ind1="" ind2="">
   <subfield code="a">0286-133X</subfield>
  </datafield>
  <datafield tag="776" ind1="" ind2="">
   <subfield code="x">1884-7757</subfield>
  </datafield>
  <datafield tag="090" ind1="" ind2="">
   <subfield code="a">2670000000046625</subfield>
  </datafield>
  <datafield tag="945" ind1="" ind2="">
   <subfield code="m">モルフォロギア</subfield>
   <subfield code="s">も る ふ お ろ き あ</subfield>
  </datafield>
  <datafield tag="866" ind1="" ind2="">
   <subfield code="a">Available from 1979 volume: 1979 issue: 1 until 2007 volume: 2007 issue: 29. </subfield>
   <subfield code="s">1000000000002132</subfield>
   <subfield code="t">1000000000001480</subfield>
   <subfield code="x">JST Journal@rchive:Full Text</subfield>
   <subfield code="z">2670000000150650</subfield>
  </datafield>
 </record>