
 <record>
  <leader>-----nas-a2200000z--4500</leader>
  <controlfield tag="008">121016uuuuuuuuuxx-uu-|------u|----|jpn-d</controlfield>
  <datafield tag="245" ind1="" ind2="0">
   <subfield code="a">家畜血液型研究情報</subfield>
  </datafield>
  <datafield tag="246" ind1="" ind2="">
   <subfield code="a">KACHIKUKETSUEKIGATAKENKYUUJOUHOU</subfield>
  </datafield>
  <datafield tag="776" ind1="" ind2="">
   <subfield code="x">1884-3840</subfield>
  </datafield>
  <datafield tag="090" ind1="" ind2="">
   <subfield code="a">2670000000046629</subfield>
  </datafield>
  <datafield tag="945" ind1="" ind2="">
   <subfield code="m">カチクケツエキガタケンキュウジョウホウ</subfield>
   <subfield code="s">か ち く け つ え き か た け ん き ゆ う し よ う ほ う</subfield>
  </datafield>
  <datafield tag="866" ind1="" ind2="">
   <subfield code="a">Available from 1972 volume: 1972 issue: 1 until 1979 volume: 1979 issue: 7. </subfield>
   <subfield code="s">1000000000002132</subfield>
   <subfield code="t">1000000000001480</subfield>
   <subfield code="x">JST Journal@rchive:Full Text</subfield>
   <subfield code="z">2670000000150660</subfield>
  </datafield>
 </record>