
 <record>
  <leader>-----nas-a2200000z--4500</leader>
  <controlfield tag="008">121016uuuuuuuuuxx-uu-|------u|----|jpn-d</controlfield>
  <datafield tag="245" ind1="" ind2="0">
   <subfield code="a">動物血液型研究情報</subfield>
  </datafield>
  <datafield tag="246" ind1="" ind2="">
   <subfield code="a">DOUBUTSUKETSUEKIGATAKENKYUUJOUHOU</subfield>
  </datafield>
  <datafield tag="776" ind1="" ind2="">
   <subfield code="x">1884-3859</subfield>
  </datafield>
  <datafield tag="090" ind1="" ind2="">
   <subfield code="a">2670000000046630</subfield>
  </datafield>
  <datafield tag="945" ind1="" ind2="">
   <subfield code="m">ドウブツケツエキガタケンキュウジョウホウ</subfield>
   <subfield code="s">と う ふ つ け つ え き か た け ん き ゆ う し よ う ほ う</subfield>
  </datafield>
  <datafield tag="866" ind1="" ind2="">
   <subfield code="a">Available from 1980 volume: 1980 issue: 8 until 1982 volume: 1982 issue: 10. </subfield>
   <subfield code="s">1000000000002132</subfield>
   <subfield code="t">1000000000001480</subfield>
   <subfield code="x">JST Journal@rchive:Full Text</subfield>
   <subfield code="z">2670000000150661</subfield>
  </datafield>
 </record>