
 <record>
  <leader>-----nas-a2200000z--4500</leader>
  <controlfield tag="008">121016uuuuuuuuuxx-uu-|------u|----|jpn-d</controlfield>
  <datafield tag="245" ind1="" ind2="0">
   <subfield code="a">ロシア・東欧学会年報</subfield>
  </datafield>
  <datafield tag="246" ind1="" ind2="">
   <subfield code="a">ROSHIA・TOUOUGAKKAINENPOU</subfield>
  </datafield>
  <datafield tag="260" ind1="" ind2="">
   <subfield code="a">Toukyou</subfield>
   <subfield code="b">Roshia touou gakkai</subfield>
  </datafield>
  <datafield tag="022" ind1="" ind2="">
   <subfield code="a">2185-4645</subfield>
  </datafield>
  <datafield tag="776" ind1="" ind2="">
   <subfield code="x">1884-586X</subfield>
  </datafield>
  <datafield tag="090" ind1="" ind2="">
   <subfield code="a">2670000000046633</subfield>
  </datafield>
  <datafield tag="945" ind1="" ind2="">
   <subfield code="m">ロシア・トウオウガッカイネンポウ</subfield>
   <subfield code="s">ろ し あ と う お う か つ か い ね ん ほ う</subfield>
  </datafield>
  <datafield tag="866" ind1="" ind2="">
   <subfield code="a">Available from 1993 volume: 1993 issue: 22 until 2000 volume: 2000 issue: 29. </subfield>
   <subfield code="s">1000000000002132</subfield>
   <subfield code="t">1000000000001480</subfield>
   <subfield code="x">JST Journal@rchive:Full Text</subfield>
   <subfield code="z">2670000000150666</subfield>
  </datafield>
 </record>