
 <record>
  <leader>-----nas-a2200000z--4500</leader>
  <controlfield tag="008">121016uuuuuuuuuxx-uu-|------u|----|jpn-d</controlfield>
  <datafield tag="245" ind1="" ind2="0">
   <subfield code="a">栄養と食糧</subfield>
  </datafield>
  <datafield tag="246" ind1="" ind2="">
   <subfield code="a">EIYOUTOSHOKURYOU</subfield>
  </datafield>
  <datafield tag="776" ind1="" ind2="">
   <subfield code="x">1883-8863</subfield>
  </datafield>
  <datafield tag="090" ind1="" ind2="">
   <subfield code="a">2670000000057461</subfield>
  </datafield>
  <datafield tag="945" ind1="" ind2="">
   <subfield code="m">エイヨウトショクリョウ</subfield>
   <subfield code="s">え い よ う と し よ く り よ う</subfield>
  </datafield>
  <datafield tag="866" ind1="" ind2="">
   <subfield code="a">Available from 1949 volume: 2 issue: 1 until 1982 volume: 35 issue: 6. </subfield>
   <subfield code="s">1000000000002132</subfield>
   <subfield code="t">1000000000001480</subfield>
   <subfield code="x">JST Journal@rchive:Full Text</subfield>
   <subfield code="z">2670000000184976</subfield>
  </datafield>
 </record>