
 <record>
  <leader>-----nas-a2200000z--4500</leader>
  <controlfield tag="008">121016uuuuuuuuuxx-uu-|------u|----|jpn-d</controlfield>
  <datafield tag="245" ind1="" ind2="0">
   <subfield code="a">動物心理</subfield>
  </datafield>
  <datafield tag="246" ind1="" ind2="">
   <subfield code="a">DOUBUTSUSHINRI</subfield>
  </datafield>
  <datafield tag="260" ind1="" ind2="">
   <subfield code="a">Toukyou</subfield>
   <subfield code="b">Nihon doubutsu shinri gakkai</subfield>
  </datafield>
  <datafield tag="776" ind1="" ind2="">
   <subfield code="x">1883-6275</subfield>
  </datafield>
  <datafield tag="090" ind1="" ind2="">
   <subfield code="a">2670000000057472</subfield>
  </datafield>
  <datafield tag="945" ind1="" ind2="">
   <subfield code="m">ドウブツシンリ</subfield>
   <subfield code="s">と う ふ つ し ん り</subfield>
  </datafield>
  <datafield tag="866" ind1="" ind2="">
   <subfield code="a">Available from 1933 volume: 1 issue: 1 until 1938 volume: 4 issue: 1. </subfield>
   <subfield code="s">1000000000002132</subfield>
   <subfield code="t">1000000000001480</subfield>
   <subfield code="x">JST Journal@rchive:Full Text</subfield>
   <subfield code="z">2670000000185000</subfield>
  </datafield>
 </record>