
 <record>
  <leader>-----nas-a2200000z--4500</leader>
  <controlfield tag="008">121016uuuuuuuuuxx-uu-|------u|----|jpn-d</controlfield>
  <datafield tag="245" ind1="" ind2="0">
   <subfield code="a">関東東山病害虫研究会報</subfield>
  </datafield>
  <datafield tag="246" ind1="" ind2="">
   <subfield code="a">KANTO TOSANBYO GAICHU KENKYU KAIHO</subfield>
  </datafield>
  <datafield tag="260" ind1="" ind2="">
   <subfield code="a">つくば</subfield>
   <subfield code="b">関東東山病害虫研究会</subfield>
  </datafield>
  <datafield tag="022" ind1="" ind2="">
   <subfield code="a">1347-1899</subfield>
  </datafield>
  <datafield tag="776" ind1="" ind2="">
   <subfield code="x">1884-2879</subfield>
  </datafield>
  <datafield tag="090" ind1="" ind2="">
   <subfield code="a">2670000000061147</subfield>
  </datafield>
  <datafield tag="945" ind1="" ind2="">
   <subfield code="m">カントウトウサンビョウガイチュウケンキュウカイネンポウ</subfield>
   <subfield code="s">か ん と う と う さ ん ひ よ う か い ち ゆ う け ん き ゆ う か い ね ん ほ う</subfield>
  </datafield>
  <datafield tag="866" ind1="" ind2="">
   <subfield code="a">Available from 1999 volume: 1999 issue: 46 until 2008 volume: 2008 issue: 55. </subfield>
   <subfield code="s">1000000000002132</subfield>
   <subfield code="t">1000000000001480</subfield>
   <subfield code="x">JST Journal@rchive:Full Text</subfield>
   <subfield code="z">3150000000000359</subfield>
  </datafield>
 </record>