
 <record>
  <leader>-----nas-a2200000z--4500</leader>
  <controlfield tag="008">121016uuuuuuuuuxx-uu-|------u|----|jpn-d</controlfield>
  <datafield tag="245" ind1="" ind2="0">
   <subfield code="a">物性論研究</subfield>
  </datafield>
  <datafield tag="246" ind1="" ind2="">
   <subfield code="a">BUSSEIRONKENKYUU</subfield>
  </datafield>
  <datafield tag="246" ind1="" ind2="">
   <subfield code="a">BUSSEIRONKENKYU</subfield>
  </datafield>
  <datafield tag="776" ind1="" ind2="">
   <subfield code="x">1883-7808</subfield>
  </datafield>
  <datafield tag="090" ind1="" ind2="">
   <subfield code="a">2670000000061153</subfield>
  </datafield>
  <datafield tag="945" ind1="" ind2="">
   <subfield code="m">ブッセイロンケンキュウ</subfield>
   <subfield code="s">ふ つ せ い ろ ん け ん き ゆ う</subfield>
  </datafield>
  <datafield tag="866" ind1="" ind2="">
   <subfield code="a">Available from 1943 volume: 1943 issue: 1 until 1957 volume: 1957 issue: 79. </subfield>
   <subfield code="s">1000000000002132</subfield>
   <subfield code="t">1000000000001480</subfield>
   <subfield code="x">JST Journal@rchive:Full Text</subfield>
   <subfield code="z">2670000000196162</subfield>
  </datafield>
 </record>