
 <record>
  <leader>-----nas-a2200000z--4500</leader>
  <controlfield tag="008">121016uuuuuuuuuxx-uu-|------u|----|jpn-d</controlfield>
  <datafield tag="245" ind1="" ind2="0">
   <subfield code="a">物性論研究 ２集</subfield>
  </datafield>
  <datafield tag="246" ind1="" ind2="">
   <subfield code="a">BUSSEIRONKENKYUU NISHUU</subfield>
  </datafield>
  <datafield tag="776" ind1="" ind2="">
   <subfield code="x">1883-7816</subfield>
  </datafield>
  <datafield tag="090" ind1="" ind2="">
   <subfield code="a">2670000000061154</subfield>
  </datafield>
  <datafield tag="945" ind1="" ind2="">
   <subfield code="m">ブッセイロンケンキュウ ニシュウ</subfield>
   <subfield code="s">ふ つ せ い ろ ん け ん き ゆ う   に し ゆ う</subfield>
  </datafield>
  <datafield tag="866" ind1="" ind2="">
   <subfield code="a">Available from 1957 volume: 1 issue: 1 until 1963 volume: 13 issue: 1. </subfield>
   <subfield code="s">1000000000002132</subfield>
   <subfield code="t">1000000000001480</subfield>
   <subfield code="x">JST Journal@rchive:Full Text</subfield>
   <subfield code="z">2670000000196163</subfield>
  </datafield>
 </record>