
 <record>
  <leader>-----nas-a2200000z--4500</leader>
  <controlfield tag="008">121016uuuuuuuuuxx-uu-|------u|----|jpn-d</controlfield>
  <datafield tag="245" ind1="" ind2="0">
   <subfield code="a">家畜の心電図</subfield>
  </datafield>
  <datafield tag="246" ind1="" ind2="">
   <subfield code="a">KACHIKUNOSHINDENZU</subfield>
  </datafield>
  <datafield tag="776" ind1="" ind2="">
   <subfield code="x">1883-5279</subfield>
  </datafield>
  <datafield tag="090" ind1="" ind2="">
   <subfield code="a">2670000000070911</subfield>
  </datafield>
  <datafield tag="945" ind1="" ind2="">
   <subfield code="m">カチクノシンデンズ</subfield>
   <subfield code="s">か ち く の し ん て ん す</subfield>
  </datafield>
  <datafield tag="866" ind1="" ind2="">
   <subfield code="a">Available from 1968 volume: 1 issue: 1 until 1983 volume: 16 issue: 16. </subfield>
   <subfield code="s">1000000000002132</subfield>
   <subfield code="t">1000000000001480</subfield>
   <subfield code="x">JST Journal@rchive:Full Text</subfield>
   <subfield code="z">2670000000230030</subfield>
  </datafield>
 </record>