
 <record>
  <leader>-----nas-a2200000z--4500</leader>
  <controlfield tag="008">121016uuuuuuuuuxx-uu-|------u|----|jpn-d</controlfield>
  <datafield tag="245" ind1="" ind2="0">
   <subfield code="a">世界法年報</subfield>
  </datafield>
  <datafield tag="246" ind1="" ind2="">
   <subfield code="a">SEKAIHOUNENPOU</subfield>
  </datafield>
  <datafield tag="260" ind1="" ind2="">
   <subfield code="a">Kyoto</subfield>
   <subfield code="b">Sekaihō Gakkai</subfield>
  </datafield>
  <datafield tag="022" ind1="" ind2="">
   <subfield code="a">0917-0421</subfield>
  </datafield>
  <datafield tag="776" ind1="" ind2="">
   <subfield code="x">2185-9086</subfield>
  </datafield>
  <datafield tag="090" ind1="" ind2="">
   <subfield code="a">2670000000070914</subfield>
  </datafield>
  <datafield tag="945" ind1="" ind2="">
   <subfield code="m">セカイホウネンポウ</subfield>
   <subfield code="s">せ か い ほ う ね ん ほ う</subfield>
  </datafield>
  <datafield tag="866" ind1="" ind2="">
   <subfield code="a">Available from 1986 volume: 1986 issue: 6 until 2008 volume: 2008 issue: 27. </subfield>
   <subfield code="s">1000000000002132</subfield>
   <subfield code="t">1000000000001480</subfield>
   <subfield code="x">JST Journal@rchive:Full Text</subfield>
   <subfield code="z">2670000000230034</subfield>
  </datafield>
 </record>