
 <record>
  <leader>-----nas-a2200000z--4500</leader>
  <controlfield tag="008">121016uuuuuuuuuxx-uu-|------u|----|jpn-d</controlfield>
  <datafield tag="245" ind1="" ind2="0">
   <subfield code="a">国際景観生態学会日本支部会報</subfield>
  </datafield>
  <datafield tag="246" ind1="" ind2="">
   <subfield code="a">KOKUSAIKEIKANSEITAIGAKKAINIPPONSHIBUKAIHOU</subfield>
  </datafield>
  <datafield tag="260" ind1="" ind2="">
   <subfield code="a">Hiroshima</subfield>
   <subfield code="b">Kokusai Keikan Seitai Gakkai Nihon Shibukai</subfield>
  </datafield>
  <datafield tag="022" ind1="" ind2="">
   <subfield code="a">1345-532X</subfield>
  </datafield>
  <datafield tag="776" ind1="" ind2="">
   <subfield code="x">1884-670X</subfield>
  </datafield>
  <datafield tag="090" ind1="" ind2="">
   <subfield code="a">2670000000075957</subfield>
  </datafield>
  <datafield tag="945" ind1="" ind2="">
   <subfield code="m">コクサイケイカンセイタイガッカイニッポンシブカイホウ</subfield>
   <subfield code="s">こ く さ い け い か ん せ い た い か つ か い に つ ほ ん し ふ か い ほ う</subfield>
  </datafield>
  <datafield tag="866" ind1="" ind2="">
   <subfield code="a">Available from 1992 volume: 1 issue: 1 until 2003 volume: 8. </subfield>
   <subfield code="s">1000000000002132</subfield>
   <subfield code="t">1000000000001480</subfield>
   <subfield code="x">JST Journal@rchive:Full Text</subfield>
   <subfield code="z">2670000000290476</subfield>
  </datafield>
 </record>