
 <record>
  <leader>-----nas-a2200000z--4500</leader>
  <controlfield tag="008">121016uuuuuuuuuxx-uu-|------u|----|jpn-d</controlfield>
  <datafield tag="245" ind1="" ind2="0">
   <subfield code="a">景観生態学</subfield>
  </datafield>
  <datafield tag="246" ind1="" ind2="">
   <subfield code="a">KEIKANSEITAIGAKU</subfield>
  </datafield>
  <datafield tag="246" ind1="" ind2="">
   <subfield code="a">KEIKAN SEITAI GAKU</subfield>
  </datafield>
  <datafield tag="260" ind1="" ind2="">
   <subfield code="a">Higashihiroshima</subfield>
   <subfield code="b">Nihon keikan seitai gakkai</subfield>
  </datafield>
  <datafield tag="022" ind1="" ind2="">
   <subfield code="a">1880-0092</subfield>
  </datafield>
  <datafield tag="776" ind1="" ind2="">
   <subfield code="x">1884-6718</subfield>
  </datafield>
  <datafield tag="090" ind1="" ind2="">
   <subfield code="a">2670000000075958</subfield>
  </datafield>
  <datafield tag="945" ind1="" ind2="">
   <subfield code="m">ケイカンセイタイガク</subfield>
   <subfield code="s">け い か ん せ い た い か く</subfield>
  </datafield>
  <datafield tag="866" ind1="" ind2="">
   <subfield code="a">Available from 2004 volume: 9 issue: 1 until 2008 volume: 12 issue: 2. </subfield>
   <subfield code="s">1000000000002132</subfield>
   <subfield code="t">1000000000001480</subfield>
   <subfield code="x">JST Journal@rchive:Full Text</subfield>
   <subfield code="z">2670000000290477</subfield>
  </datafield>
 </record>