
 <record>
  <leader>-----nas-a2200000z--4500</leader>
  <controlfield tag="008">121016uuuuuuuuuxx-uu-|------u|----|jpn-d</controlfield>
  <datafield tag="245" ind1="" ind2="0">
   <subfield code="a">テレビジョン學會會報</subfield>
  </datafield>
  <datafield tag="246" ind1="" ind2="">
   <subfield code="a">TEREBIJONGAKKAIKAIHOU</subfield>
  </datafield>
  <datafield tag="776" ind1="" ind2="">
   <subfield code="x">1884-9601</subfield>
  </datafield>
  <datafield tag="090" ind1="" ind2="">
   <subfield code="a">2670000000075965</subfield>
  </datafield>
  <datafield tag="945" ind1="" ind2="">
   <subfield code="m">テレビジョンガッカイカイホウ</subfield>
   <subfield code="s">て れ ひ し よ ん か つ か い か い ほ う</subfield>
  </datafield>
  <datafield tag="866" ind1="" ind2="">
   <subfield code="a">Available from 1950 volume: 4 issue: 4 until 1950 volume: 4 issue: 7. </subfield>
   <subfield code="s">1000000000002132</subfield>
   <subfield code="t">1000000000001480</subfield>
   <subfield code="x">JST Journal@rchive:Full Text</subfield>
   <subfield code="z">2670000000290492</subfield>
  </datafield>
 </record>