
 <record>
  <leader>-----nas-a2200000z--4500</leader>
  <controlfield tag="008">121016uuuuuuuuuxx-uu-|------u|----|jpn-d</controlfield>
  <datafield tag="245" ind1="" ind2="0">
   <subfield code="a">テレビジョン</subfield>
  </datafield>
  <datafield tag="246" ind1="" ind2="">
   <subfield code="a">TEREBIJON</subfield>
  </datafield>
  <datafield tag="776" ind1="" ind2="">
   <subfield code="x">1884-9644</subfield>
  </datafield>
  <datafield tag="090" ind1="" ind2="">
   <subfield code="a">2670000000075968</subfield>
  </datafield>
  <datafield tag="945" ind1="" ind2="">
   <subfield code="m">テレビジョン</subfield>
   <subfield code="s">て れ ひ し よ ん</subfield>
  </datafield>
  <datafield tag="866" ind1="" ind2="">
   <subfield code="a">Available from 1954 volume: 8 issue: 9 until 1977 volume: 31 issue: 12. </subfield>
   <subfield code="s">1000000000002132</subfield>
   <subfield code="t">1000000000001480</subfield>
   <subfield code="x">JST Journal@rchive:Full Text</subfield>
   <subfield code="z">2670000000290495</subfield>
  </datafield>
 </record>