
 <record>
  <leader>-----nas-a2200000z--4500</leader>
  <controlfield tag="008">121016uuuuuuuuuxx-uu-|------u|----|jpn-d</controlfield>
  <datafield tag="245" ind1="" ind2="0">
   <subfield code="a">中國語學</subfield>
  </datafield>
  <datafield tag="246" ind1="" ind2="">
   <subfield code="a">CHUUKUNIGOMANABU</subfield>
  </datafield>
  <datafield tag="776" ind1="" ind2="">
   <subfield code="x">1884-6033</subfield>
  </datafield>
  <datafield tag="090" ind1="" ind2="">
   <subfield code="a">2670000000075971</subfield>
  </datafield>
  <datafield tag="945" ind1="" ind2="">
   <subfield code="m">チュウクニゴマナブ</subfield>
   <subfield code="s">ち ゆ う く に こ ま な ふ</subfield>
  </datafield>
  <datafield tag="866" ind1="" ind2="">
   <subfield code="a">Available from 1947 volume: 1947 issue: 1 until 1950 volume: 1950 issue: 37. </subfield>
   <subfield code="s">1000000000002132</subfield>
   <subfield code="t">1000000000001480</subfield>
   <subfield code="x">JST Journal@rchive:Full Text</subfield>
   <subfield code="z">2670000000290507</subfield>
  </datafield>
 </record>