
 <record>
  <leader>-----nas-a2200000z--4500</leader>
  <controlfield tag="008">121016uuuuuuuuuxx-uu-|------u|----|jpn-d</controlfield>
  <datafield tag="245" ind1="" ind2="0">
   <subfield code="a">中國語学研究會(関西)月報</subfield>
  </datafield>
  <datafield tag="210" ind1="" ind2="">
   <subfield code="a">中國語学研究會</subfield>
  </datafield>
  <datafield tag="210" ind1="" ind2="">
   <subfield code="a">チュウクニゴガクケンキュウカイ</subfield>
  </datafield>
  <datafield tag="246" ind1="" ind2="">
   <subfield code="a">CHUUKUNIGOGAKUKENKYUUKAI(KANSAI)GEPPOU</subfield>
  </datafield>
  <datafield tag="776" ind1="" ind2="">
   <subfield code="x">1884-6068</subfield>
  </datafield>
  <datafield tag="090" ind1="" ind2="">
   <subfield code="a">2670000000075972</subfield>
  </datafield>
  <datafield tag="945" ind1="" ind2="">
   <subfield code="m">チュウクニゴガクケンキュウカイ(カンサイ)ゲッポウ</subfield>
   <subfield code="s">ち ゆ う く に こ か く け ん き ゆ う か い か ん さ い け つ ほ う</subfield>
  </datafield>
  <datafield tag="866" ind1="" ind2="">
   <subfield code="a">Available from 1950 volume: 1950 issue: 1 until 1950 volume: 1950 issue: 10. </subfield>
   <subfield code="s">1000000000002132</subfield>
   <subfield code="t">1000000000001480</subfield>
   <subfield code="x">JST Journal@rchive:Full Text</subfield>
   <subfield code="z">2670000000290508</subfield>
  </datafield>
 </record>