
 <record>
  <leader>-----nas-a2200000z--4500</leader>
  <controlfield tag="008">121016uuuuuuuuuxx-uu-|------u|----|jpn-d</controlfield>
  <datafield tag="245" ind1="" ind2="0">
   <subfield code="a">中国語学研究会会報</subfield>
  </datafield>
  <datafield tag="246" ind1="" ind2="">
   <subfield code="a">CHUUGOKUGOGAKUKENKYUUKAIKAIHOU</subfield>
  </datafield>
  <datafield tag="776" ind1="" ind2="">
   <subfield code="x">1884-6041</subfield>
  </datafield>
  <datafield tag="090" ind1="" ind2="">
   <subfield code="a">2670000000075973</subfield>
  </datafield>
  <datafield tag="945" ind1="" ind2="">
   <subfield code="m">チュウゴクゴガクケンキュウカイカイホウ</subfield>
   <subfield code="s">ち ゆ う こ く こ か く け ん き ゆ う か い か い ほ う</subfield>
  </datafield>
  <datafield tag="866" ind1="" ind2="">
   <subfield code="a">Available from 1951 volume: 1951 issue: 2 until 1954 volume: 1954 issue: 33. </subfield>
   <subfield code="s">1000000000002132</subfield>
   <subfield code="t">1000000000001480</subfield>
   <subfield code="x">JST Journal@rchive:Full Text</subfield>
   <subfield code="z">2670000000290509</subfield>
  </datafield>
 </record>