
 <record>
  <leader>-----nas-a2200000z--4500</leader>
  <controlfield tag="008">121016uuuuuuuuuxx-uu-|------u|----|jpn-d</controlfield>
  <datafield tag="245" ind1="" ind2="0">
   <subfield code="a">無機マテリアル</subfield>
  </datafield>
  <datafield tag="246" ind1="" ind2="">
   <subfield code="a">MUKIMATERIARU</subfield>
  </datafield>
  <datafield tag="776" ind1="" ind2="">
   <subfield code="x">2185-436X</subfield>
  </datafield>
  <datafield tag="090" ind1="" ind2="">
   <subfield code="a">2670000000075975</subfield>
  </datafield>
  <datafield tag="945" ind1="" ind2="">
   <subfield code="m">ムキマテリアル</subfield>
   <subfield code="s">む き ま て り あ る</subfield>
  </datafield>
  <datafield tag="866" ind1="" ind2="">
   <subfield code="a">Available from 1994 volume: 1 issue: 252 until 1999 volume: 6 issue: 283. </subfield>
   <subfield code="s">1000000000002132</subfield>
   <subfield code="t">1000000000001480</subfield>
   <subfield code="x">JST Journal@rchive:Full Text</subfield>
   <subfield code="z">2670000000290511</subfield>
  </datafield>
 </record>