
 <record>
  <leader>-----nas-a2200000z--4500</leader>
  <controlfield tag="008">121016uuuuuuuuuxx-uu-|------u|----|jpn-d</controlfield>
  <datafield tag="245" ind1="" ind2="0">
   <subfield code="a">仮題 流力懇談会誌</subfield>
  </datafield>
  <datafield tag="246" ind1="" ind2="">
   <subfield code="a">KADAI RYUURYOKUKONDANKAISHI</subfield>
  </datafield>
  <datafield tag="776" ind1="" ind2="">
   <subfield code="x">2185-4890</subfield>
  </datafield>
  <datafield tag="090" ind1="" ind2="">
   <subfield code="a">2670000000075977</subfield>
  </datafield>
  <datafield tag="945" ind1="" ind2="">
   <subfield code="m">カダイ リュウリョクコンダンカイシ</subfield>
   <subfield code="s">か た い   り ゆ う り よ く こ ん た ん か い し</subfield>
  </datafield>
  <datafield tag="866" ind1="" ind2="">
   <subfield code="a">Available from 1969 volume: 1 issue: 1 until 1970 volume: 1 issue: 4. </subfield>
   <subfield code="s">1000000000002132</subfield>
   <subfield code="t">1000000000001480</subfield>
   <subfield code="x">JST Journal@rchive:Full Text</subfield>
   <subfield code="z">2670000000290513</subfield>
  </datafield>
 </record>