
 <record>
  <leader>-----nas-a2200000z--4500</leader>
  <controlfield tag="008">121016uuuuuuuuuxx-uu-|------u|----|jpn-d</controlfield>
  <datafield tag="245" ind1="" ind2="0">
   <subfield code="a">マテリアルライフ学会誌</subfield>
  </datafield>
  <datafield tag="246" ind1="" ind2="">
   <subfield code="a">MATERIARURAIFUGAKKAISHI</subfield>
  </datafield>
  <datafield tag="260" ind1="" ind2="">
   <subfield code="a">Tokyo</subfield>
   <subfield code="b">Materiaru Raifu Gakkai</subfield>
  </datafield>
  <datafield tag="022" ind1="" ind2="">
   <subfield code="a">1346-0633</subfield>
  </datafield>
  <datafield tag="776" ind1="" ind2="">
   <subfield code="x">2185-7016</subfield>
  </datafield>
  <datafield tag="090" ind1="" ind2="">
   <subfield code="a">2670000000082881</subfield>
  </datafield>
  <datafield tag="945" ind1="" ind2="">
   <subfield code="m">マテリアルライフガッカイシ</subfield>
   <subfield code="s">ま て り あ る ら い ふ か つ か い し</subfield>
  </datafield>
  <datafield tag="866" ind1="" ind2="">
   <subfield code="a">Available from 2001 volume: 13 issue: 1 until 2007 volume: 19 issue: 4. </subfield>
   <subfield code="s">1000000000002132</subfield>
   <subfield code="t">1000000000001480</subfield>
   <subfield code="x">JST Journal@rchive:Full Text</subfield>
   <subfield code="z">2670000000320344</subfield>
  </datafield>
 </record>