
 <record>
  <leader>-----nas-a2200000z--4500</leader>
  <controlfield tag="008">121016uuuuuuuuuxx-uu-|------u|----|jpn-d</controlfield>
  <datafield tag="245" ind1="" ind2="0">
   <subfield code="a">トンネル工学研究発表会論文・報告集</subfield>
  </datafield>
  <datafield tag="246" ind1="" ind2="">
   <subfield code="a">TONNERUKOUGAKUKENKYUUHAPPYOUKAIRONBUNHOUKOKUSHUU</subfield>
  </datafield>
  <datafield tag="260" ind1="" ind2="">
   <subfield code="a">Toukyou</subfield>
   <subfield code="b">Doboku gakkai</subfield>
  </datafield>
  <datafield tag="776" ind1="" ind2="">
   <subfield code="x">1884-9091</subfield>
  </datafield>
  <datafield tag="090" ind1="" ind2="">
   <subfield code="a">2670000000093356</subfield>
  </datafield>
  <datafield tag="945" ind1="" ind2="">
   <subfield code="m">トンネルコウガクケンキュウハッピョウカイロンブンホウコクシュウ</subfield>
   <subfield code="s">と ん ね る こ う か く け ん き ゆ う は つ ひ よ う か い ろ ん ふ ん ほ う こ く し ゆ う</subfield>
  </datafield>
  <datafield tag="866" ind1="" ind2="">
   <subfield code="a">Available from 1991 volume: 1 until 2003 volume: 13. </subfield>
   <subfield code="s">1000000000002132</subfield>
   <subfield code="t">1000000000001480</subfield>
   <subfield code="x">JST Journal@rchive:Full Text</subfield>
   <subfield code="z">2670000000348444</subfield>
  </datafield>
 </record>