
 <record>
  <leader>-----nas-a2200000z--4500</leader>
  <controlfield tag="008">121016uuuuuuuuuxx-uu-|------u|----|jpn-d</controlfield>
  <datafield tag="245" ind1="" ind2="0">
   <subfield code="a">衛生工学研究討論会講演論文集</subfield>
  </datafield>
  <datafield tag="246" ind1="" ind2="">
   <subfield code="a">EISEIKOUGAKUKENKYUUTOURONKAIKOUENRONBUNSHUU</subfield>
  </datafield>
  <datafield tag="260" ind1="" ind2="">
   <subfield code="a">Tokyo</subfield>
   <subfield code="b">Doboku Gakkai</subfield>
  </datafield>
  <datafield tag="022" ind1="" ind2="">
   <subfield code="a">0285-7316</subfield>
  </datafield>
  <datafield tag="776" ind1="" ind2="">
   <subfield code="x">1884-8273</subfield>
  </datafield>
  <datafield tag="090" ind1="" ind2="">
   <subfield code="a">2670000000093359</subfield>
  </datafield>
  <datafield tag="945" ind1="" ind2="">
   <subfield code="m">エイセイコウガクケンキュウトウロンカイコウエンロンブンシュウ</subfield>
   <subfield code="s">え い せ い こ う か く け ん き ゆ う と う ろ ん か い こ う え ん ろ ん ふ ん し ゆ う</subfield>
  </datafield>
  <datafield tag="866" ind1="" ind2="">
   <subfield code="a">Available from 1964 volume: 1 until 1982 volume: 18. </subfield>
   <subfield code="s">1000000000002132</subfield>
   <subfield code="t">1000000000001480</subfield>
   <subfield code="x">JST Journal@rchive:Full Text</subfield>
   <subfield code="z">2670000000348447</subfield>
  </datafield>
 </record>