
 <record>
  <leader>-----nas-a2200000z--4500</leader>
  <controlfield tag="008">121016uuuuuuuuuxx-uu-|------u|----|jpn-d</controlfield>
  <datafield tag="245" ind1="" ind2="0">
   <subfield code="a">實驗消化器病學</subfield>
  </datafield>
  <datafield tag="246" ind1="" ind2="">
   <subfield code="a">JIKKENSHOUKAKIBYOUGAKU</subfield>
  </datafield>
  <datafield tag="246" ind1="" ind2="">
   <subfield code="a">JIKKENSHOUKAKIBYOUMANABU</subfield>
  </datafield>
  <datafield tag="776" ind1="" ind2="">
   <subfield code="x">2185-1166</subfield>
  </datafield>
  <datafield tag="090" ind1="" ind2="">
   <subfield code="a">2670000000093361</subfield>
  </datafield>
  <datafield tag="945" ind1="" ind2="">
   <subfield code="m">ジッケンショウカキビョウガク</subfield>
   <subfield code="s">し つ け ん し よ う か き ひ よ う か く</subfield>
  </datafield>
  <datafield tag="866" ind1="" ind2="">
   <subfield code="a">Available from 1926 volume: 1 issue: 1 until 1944 volume: 19 issue: 2. </subfield>
   <subfield code="s">1000000000002132</subfield>
   <subfield code="t">1000000000001480</subfield>
   <subfield code="x">JST Journal@rchive:Full Text</subfield>
   <subfield code="z">2670000000348452</subfield>
  </datafield>
 </record>