
 <record>
  <leader>-----nas-a2200000z--4500</leader>
  <controlfield tag="008">121016uuuuuuuuuxx-uu-|------u|----|jpn-d</controlfield>
  <datafield tag="245" ind1="" ind2="0">
   <subfield code="a">Microwave Surgery研究会 会報</subfield>
  </datafield>
  <datafield tag="246" ind1="" ind2="">
   <subfield code="a">MICROWAVE SURGERYKENKYUUKAI KAIHOU</subfield>
  </datafield>
  <datafield tag="260" ind1="" ind2="">
   <subfield code="a">Kawachinagano</subfield>
   <subfield code="b">Microwave Surgery kenkyuukai</subfield>
  </datafield>
  <datafield tag="776" ind1="" ind2="">
   <subfield code="x">1884-5398</subfield>
  </datafield>
  <datafield tag="090" ind1="" ind2="">
   <subfield code="a">2670000000100290</subfield>
  </datafield>
  <datafield tag="945" ind1="" ind2="">
   <subfield code="m">Microwave Surgeryケンキュウカイ カイホウ</subfield>
   <subfield code="s">MICROWAVE SURGERY け ん き ゆ う か い   か い ほ う</subfield>
  </datafield>
  <datafield tag="866" ind1="" ind2="">
   <subfield code="a">Available from 1983 volume: 1 until 1987 volume: 5. </subfield>
   <subfield code="s">1000000000002132</subfield>
   <subfield code="t">1000000000001480</subfield>
   <subfield code="x">JST Journal@rchive:Full Text</subfield>
   <subfield code="z">2670000000363756</subfield>
  </datafield>
 </record>