
 <record>
  <leader>-----nas-a2200000z--4500</leader>
  <controlfield tag="008">121016uuuuuuuuuxx-uu-|------u|----|jpn-d</controlfield>
  <datafield tag="245" ind1="" ind2="0">
   <subfield code="a">ジオシンセティックス技術情報</subfield>
  </datafield>
  <datafield tag="246" ind1="" ind2="">
   <subfield code="a">JIOSHINSETEIKKUSUGIJUTSUJOUHOU</subfield>
  </datafield>
  <datafield tag="260" ind1="" ind2="">
   <subfield code="a">Toukyou</subfield>
   <subfield code="b">Kokusai jioshinsetikkusu gakkai nihon shibu</subfield>
  </datafield>
  <datafield tag="022" ind1="" ind2="">
   <subfield code="a">1884-6637</subfield>
  </datafield>
  <datafield tag="776" ind1="" ind2="">
   <subfield code="x">1884-6645</subfield>
  </datafield>
  <datafield tag="090" ind1="" ind2="">
   <subfield code="a">2670000000100292</subfield>
  </datafield>
  <datafield tag="945" ind1="" ind2="">
   <subfield code="m">ジオシンセティックスギジュツジョウホウ</subfield>
   <subfield code="s">し お し ん せ て い つ く す き し ゆ つ し よ う ほ う</subfield>
  </datafield>
  <datafield tag="866" ind1="" ind2="">
   <subfield code="a">Available from 1995 volume: 11 issue: 2 until 2008 volume: 24 issue: 3. </subfield>
   <subfield code="s">1000000000002132</subfield>
   <subfield code="t">1000000000001480</subfield>
   <subfield code="x">JST Journal@rchive:Full Text</subfield>
   <subfield code="z">2670000000363759</subfield>
  </datafield>
 </record>