
 <record>
  <leader>-----nas-a2200000z--4500</leader>
  <controlfield tag="008">121016uuuuuuuuuxx-uu-|------u|----|jpn-d</controlfield>
  <datafield tag="245" ind1="" ind2="0">
   <subfield code="a">風力エネルギー利用シンポジウム</subfield>
  </datafield>
  <datafield tag="246" ind1="" ind2="">
   <subfield code="a">FUURYOKUENERUGIRIYOUSHINPOJIUMU</subfield>
  </datafield>
  <datafield tag="776" ind1="" ind2="">
   <subfield code="x">1884-4588</subfield>
  </datafield>
  <datafield tag="090" ind1="" ind2="">
   <subfield code="a">2670000000100293</subfield>
  </datafield>
  <datafield tag="945" ind1="" ind2="">
   <subfield code="m">フウリョクエネルギーリヨウシンポジウム</subfield>
   <subfield code="s">ふ う り よ く え ね る き い り よ う し ん ほ し う む</subfield>
  </datafield>
  <datafield tag="866" ind1="" ind2="">
   <subfield code="a">Available from 1979 volume: 1 until 2008 volume: 30. </subfield>
   <subfield code="s">1000000000002132</subfield>
   <subfield code="t">1000000000001480</subfield>
   <subfield code="x">JST Journal@rchive:Full Text</subfield>
   <subfield code="z">2670000000363763</subfield>
  </datafield>
 </record>