
 <record>
  <leader>-----nas-a2200000z--4500</leader>
  <controlfield tag="008">121016uuuuuuuuuxx-uu-|------u|----|jpn-d</controlfield>
  <datafield tag="245" ind1="" ind2="0">
   <subfield code="a">内耳生化学</subfield>
  </datafield>
  <datafield tag="246" ind1="" ind2="">
   <subfield code="a">NAIJISEIKAGAKU</subfield>
  </datafield>
  <datafield tag="776" ind1="" ind2="">
   <subfield code="x">1884-5789</subfield>
  </datafield>
  <datafield tag="090" ind1="" ind2="">
   <subfield code="a">2670000000110664</subfield>
  </datafield>
  <datafield tag="945" ind1="" ind2="">
   <subfield code="m">ナイジセイカガク</subfield>
   <subfield code="s">な い し せ い か か く</subfield>
  </datafield>
  <datafield tag="866" ind1="" ind2="">
   <subfield code="a">Available from 1970 volume: 1 issue: 1 until 1980 volume: 11 issue: 1. </subfield>
   <subfield code="s">1000000000002132</subfield>
   <subfield code="t">1000000000001480</subfield>
   <subfield code="x">JST Journal@rchive:Full Text</subfield>
   <subfield code="z">2670000000432250</subfield>
  </datafield>
 </record>