
 <record>
  <leader>-----nas-a2200000z--4500</leader>
  <controlfield tag="008">121016uuuuuuuuuxx-uu-|------u|----|jpn-d</controlfield>
  <datafield tag="245" ind1="" ind2="0">
   <subfield code="a">臨床耳科</subfield>
  </datafield>
  <datafield tag="246" ind1="" ind2="">
   <subfield code="a">RINSHOUMIMIKA</subfield>
  </datafield>
  <datafield tag="776" ind1="" ind2="">
   <subfield code="x">1884-5800</subfield>
  </datafield>
  <datafield tag="090" ind1="" ind2="">
   <subfield code="a">2670000000110665</subfield>
  </datafield>
  <datafield tag="945" ind1="" ind2="">
   <subfield code="m">リンショウミミカ</subfield>
   <subfield code="s">り ん し よ う み み か</subfield>
  </datafield>
  <datafield tag="866" ind1="" ind2="">
   <subfield code="a">Available from 1974 volume: 1 issue: 1 until 1990 volume: 17 issue: 2. </subfield>
   <subfield code="s">1000000000002132</subfield>
   <subfield code="t">1000000000001480</subfield>
   <subfield code="x">JST Journal@rchive:Full Text</subfield>
   <subfield code="z">2670000000432252</subfield>
  </datafield>
 </record>