
 <record>
  <leader>-----nas-a2200000z--4500</leader>
  <controlfield tag="008">121016uuuuuuuuuxx-uu-|------u|----|jpn-d</controlfield>
  <datafield tag="245" ind1="" ind2="0">
   <subfield code="a">良導絡</subfield>
  </datafield>
  <datafield tag="246" ind1="" ind2="">
   <subfield code="a">RYOUDOURAKU</subfield>
  </datafield>
  <datafield tag="260" ind1="" ind2="">
   <subfield code="a">Kumatorimachi, oosakafu</subfield>
   <subfield code="b">Nihon ryoudouraku jiritsu shinkei gakkai</subfield>
  </datafield>
  <datafield tag="022" ind1="" ind2="">
   <subfield code="a">0913-0942</subfield>
  </datafield>
  <datafield tag="776" ind1="" ind2="">
   <subfield code="x">1884-9245</subfield>
  </datafield>
  <datafield tag="090" ind1="" ind2="">
   <subfield code="a">2670000000127619</subfield>
  </datafield>
  <datafield tag="945" ind1="" ind2="">
   <subfield code="m">リョウドウラク</subfield>
   <subfield code="s">り よ う と う ら く</subfield>
  </datafield>
  <datafield tag="866" ind1="" ind2="">
   <subfield code="a">Available from 1960 volume: 1960 issue: 95 until 1968 volume: 1968. </subfield>
   <subfield code="s">1000000000002132</subfield>
   <subfield code="t">1000000000001480</subfield>
   <subfield code="x">JST Journal@rchive:Full Text</subfield>
   <subfield code="z">2670000000570040</subfield>
  </datafield>
 </record>