
 <record>
  <leader>-----nas-a2200000z--4500</leader>
  <controlfield tag="008">121016uuuuuuuuuxx-uu-|------u|----|jpn-d</controlfield>
  <datafield tag="245" ind1="" ind2="0">
   <subfield code="a">防蝕技術資料</subfield>
  </datafield>
  <datafield tag="246" ind1="" ind2="">
   <subfield code="a">BOUSHOKUGIJUTSUSHIRYOU</subfield>
  </datafield>
  <datafield tag="260" ind1="" ind2="">
   <subfield code="a">東京</subfield>
   <subfield code="b">腐食防食協会</subfield>
  </datafield>
  <datafield tag="776" ind1="" ind2="">
   <subfield code="x">1884-1147</subfield>
  </datafield>
  <datafield tag="090" ind1="" ind2="">
   <subfield code="a">2900000000000280</subfield>
  </datafield>
  <datafield tag="945" ind1="" ind2="">
   <subfield code="m">ボウショクギジュツシリョウ</subfield>
   <subfield code="s">ほ う し よ く き し ゆ つ し り よ う</subfield>
  </datafield>
  <datafield tag="866" ind1="" ind2="">
   <subfield code="a">Available from 1952 volume: 1 issue: 1 until 1953 volume: 2 issue: 6. </subfield>
   <subfield code="s">1000000000002132</subfield>
   <subfield code="t">1000000000001480</subfield>
   <subfield code="x">JST Journal@rchive:Full Text</subfield>
   <subfield code="z">2670000000185003</subfield>
  </datafield>
 </record>