
 <record>
  <leader>-----nas-a2200000z--4500</leader>
  <controlfield tag="008">121016uuuuuuuuuxx-uu-|------u|----|jpn-d</controlfield>
  <datafield tag="245" ind1="" ind2="0">
   <subfield code="a">マイクロウェｰブ・サージェリー</subfield>
  </datafield>
  <datafield tag="246" ind1="" ind2="">
   <subfield code="a">MAIKUROUEｰBU・SAJIERI</subfield>
  </datafield>
  <datafield tag="260" ind1="" ind2="">
   <subfield code="a">大阪</subfield>
   <subfield code="b">厚生社インホメーションサービス</subfield>
  </datafield>
  <datafield tag="022" ind1="" ind2="">
   <subfield code="a">0917-1231</subfield>
  </datafield>
  <datafield tag="776" ind1="" ind2="">
   <subfield code="x">1884-5401</subfield>
  </datafield>
  <datafield tag="090" ind1="" ind2="">
   <subfield code="a">3150000000000211</subfield>
  </datafield>
  <datafield tag="945" ind1="" ind2="">
   <subfield code="m">マイクロウェｰブ・サージェリー</subfield>
   <subfield code="s">ま い く ろ う え ふ さ あ し え り い</subfield>
  </datafield>
  <datafield tag="866" ind1="" ind2="">
   <subfield code="a">Available from 1988 volume: 6 until 1990. </subfield>
   <subfield code="s">1000000000002132</subfield>
   <subfield code="t">1000000000001480</subfield>
   <subfield code="x">JST Journal@rchive:Full Text</subfield>
   <subfield code="z">2670000000363757</subfield>
  </datafield>
 </record>