
 <record>
  <leader>-----nas-a2200000z--4500</leader>
  <controlfield tag="008">121016uuuuuuuuuxx-uu-|------u|----|jpn-d</controlfield>
  <datafield tag="245" ind1="" ind2="">
   <subfield code="a">胃腸病研究会会報</subfield>
  </datafield>
  <datafield tag="776" ind1="" ind2="">
   <subfield code="x">2185-1174</subfield>
  </datafield>
  <datafield tag="090" ind1="" ind2="">
   <subfield code="a">3150000000000307</subfield>
  </datafield>
  <datafield tag="945" ind1="" ind2="">
   <subfield code="m">イチョウビョウケンキュウカイカイホウ</subfield>
   <subfield code="s">い ち よ う ひ よ う け ん き ゆ う か い か い ほ う</subfield>
  </datafield>
  <datafield tag="866" ind1="" ind2="">
   <subfield code="a">Available from 1899 volume: 1 issue: 1 until 1899 volume: 3 issue: 5. </subfield>
   <subfield code="s">1000000000002132</subfield>
   <subfield code="t">1000000000001480</subfield>
   <subfield code="x">JST Journal@rchive:Full Text</subfield>
   <subfield code="z">3150000000000382</subfield>
  </datafield>
 </record>