
 <record>
  <leader>-----nas-a2200000z--4500</leader>
  <controlfield tag="008">121016uuuuuuuuuxx-uu-|------u|----|jpn-d</controlfield>
  <datafield tag="245" ind1="" ind2="">
   <subfield code="a">サルコイドージス研究会誌</subfield>
  </datafield>
  <datafield tag="776" ind1="" ind2="">
   <subfield code="x">1884-5967</subfield>
  </datafield>
  <datafield tag="090" ind1="" ind2="">
   <subfield code="a">3150000000000315</subfield>
  </datafield>
  <datafield tag="945" ind1="" ind2="">
   <subfield code="m">サルコイドージスケンキュウカイシ</subfield>
   <subfield code="s">さ る こ い と お し す け ん き ゆ う か い し</subfield>
  </datafield>
  <datafield tag="866" ind1="" ind2="">
   <subfield code="a">Available from 1982 volume: 2 until 1986 volume: 6. </subfield>
   <subfield code="s">1000000000002132</subfield>
   <subfield code="t">1000000000001480</subfield>
   <subfield code="x">JST Journal@rchive:Full Text</subfield>
   <subfield code="z">3150000000000390</subfield>
  </datafield>
 </record>