
 <record>
  <leader>-----nas-a2200000z--4500</leader>
  <controlfield tag="008">121016uuuuuuuuuxx-uu-|------u|----|jpn-d</controlfield>
  <datafield tag="245" ind1="" ind2="">
   <subfield code="a">スキー研究</subfield>
  </datafield>
  <datafield tag="260" ind1="" ind2="">
   <subfield code="a">Fukui</subfield>
   <subfield code="b">Nihon suki gakkai</subfield>
  </datafield>
  <datafield tag="022" ind1="" ind2="">
   <subfield code="a">1349-449X</subfield>
  </datafield>
  <datafield tag="776" ind1="" ind2="">
   <subfield code="x">1884-1422</subfield>
  </datafield>
  <datafield tag="090" ind1="" ind2="">
   <subfield code="a">3150000000000320</subfield>
  </datafield>
  <datafield tag="945" ind1="" ind2="">
   <subfield code="m">スキーケンキュウ</subfield>
   <subfield code="s">す き い け ん き ゆ う</subfield>
  </datafield>
  <datafield tag="866" ind1="" ind2="">
   <subfield code="a">Available from 2003 volume: 1 issue: 1 until 2007 volume: 4 issue: 1. </subfield>
   <subfield code="s">1000000000002132</subfield>
   <subfield code="t">1000000000001480</subfield>
   <subfield code="x">JST Journal@rchive:Full Text</subfield>
   <subfield code="z">3150000000000395</subfield>
  </datafield>
 </record>