
 <record>
  <leader>-----nas-a2200000z--4500</leader>
  <controlfield tag="008">121016uuuuuuuuuxx-uu-|------u|----|jpn-d</controlfield>
  <datafield tag="245" ind1="" ind2="">
   <subfield code="a">総合講演・企画特別講演アブストラクト</subfield>
  </datafield>
  <datafield tag="260" ind1="" ind2="">
   <subfield code="a">Toukyou</subfield>
   <subfield code="b">Nihon suugakkai</subfield>
  </datafield>
  <datafield tag="776" ind1="" ind2="">
   <subfield code="x">1884-3972</subfield>
  </datafield>
  <datafield tag="090" ind1="" ind2="">
   <subfield code="a">3150000000000323</subfield>
  </datafield>
  <datafield tag="945" ind1="" ind2="">
   <subfield code="m">ソウゴウコウエンキカクトクベツコウエンアブストラクト</subfield>
   <subfield code="s">そ う こ う こ う え ん き か く と く へ つ こ う え ん あ ふ す と ら く と</subfield>
  </datafield>
  <datafield tag="866" ind1="" ind2="">
   <subfield code="a">Available from 1996 volume: 1996 issue: 1996 until 2008 volume: 2008. </subfield>
   <subfield code="s">1000000000002132</subfield>
   <subfield code="t">1000000000001480</subfield>
   <subfield code="x">JST Journal@rchive:Full Text</subfield>
   <subfield code="z">3150000000000398</subfield>
  </datafield>
 </record>