
 <record>
  <leader>-----nas-a2200000z--4500</leader>
  <controlfield tag="008">121016uuuuuuuuuxx-uu-|------u|----|jpn-d</controlfield>
  <datafield tag="245" ind1="" ind2="">
   <subfield code="a">日本化粧品技術者連合会会報</subfield>
  </datafield>
  <datafield tag="260" ind1="" ind2="">
   <subfield code="a">Yokohama</subfield>
   <subfield code="b">Nihon keshouhin gijutsushakai</subfield>
  </datafield>
  <datafield tag="776" ind1="" ind2="">
   <subfield code="x">1884-412X</subfield>
  </datafield>
  <datafield tag="090" ind1="" ind2="">
   <subfield code="a">3150000000000334</subfield>
  </datafield>
  <datafield tag="945" ind1="" ind2="">
   <subfield code="m">ニホンケショウヒンギジュツシャレンゴウカイカイホウ</subfield>
   <subfield code="s">に ほ ん け し よ う ひ ん き し ゆ つ し や れ ん こ う か い か い ほ う</subfield>
  </datafield>
  <datafield tag="866" ind1="" ind2="">
   <subfield code="a">Available from 1963 volume: 5 until 1969 volume: 5. </subfield>
   <subfield code="s">1000000000002132</subfield>
   <subfield code="t">1000000000001480</subfield>
   <subfield code="x">JST Journal@rchive:Full Text</subfield>
   <subfield code="z">3150000000000409</subfield>
  </datafield>
 </record>