
 <record>
  <leader>-----nas-a2200000z--4500</leader>
  <controlfield tag="008">121016uuuuuuuuuxx-uu-|------u|----|jpn-d</controlfield>
  <datafield tag="245" ind1="" ind2="">
   <subfield code="a">日本騒音制御工学会ニュース</subfield>
  </datafield>
  <datafield tag="260" ind1="" ind2="">
   <subfield code="a">Toukyou</subfield>
   <subfield code="b">Nihon souon seigyo kougakkai</subfield>
  </datafield>
  <datafield tag="776" ind1="" ind2="">
   <subfield code="x">1883-7492</subfield>
  </datafield>
  <datafield tag="090" ind1="" ind2="">
   <subfield code="a">3150000000000346</subfield>
  </datafield>
  <datafield tag="945" ind1="" ind2="">
   <subfield code="m">ニホンソウオンセイギョコウガッカイニュース</subfield>
   <subfield code="s">に ほ ん そ う お ん せ い き よ こ う か つ か い に ゆ う す</subfield>
  </datafield>
  <datafield tag="866" ind1="" ind2="">
   <subfield code="a">Available from 1976 volume: 1976 issue: 1 until 1977 volume: 1977 issue: 8. </subfield>
   <subfield code="s">1000000000002132</subfield>
   <subfield code="t">1000000000001480</subfield>
   <subfield code="x">JST Journal@rchive:Full Text</subfield>
   <subfield code="z">3150000000000421</subfield>
  </datafield>
 </record>