
 <record>
  <leader>-----nas-a2200000z--4500</leader>
  <controlfield tag="008">121016uuuuuuuuuxx-uu-|------u|----|jpn-d</controlfield>
  <datafield tag="245" ind1="" ind2="">
   <subfield code="a">年報社会学論集</subfield>
  </datafield>
  <datafield tag="246" ind1="" ind2="">
   <subfield code="a">NENPO SHAKAIGAKU RONSHU</subfield>
  </datafield>
  <datafield tag="260" ind1="" ind2="">
   <subfield code="a">Tokyo</subfield>
   <subfield code="b">Kantō Shakai Gakkai</subfield>
  </datafield>
  <datafield tag="022" ind1="" ind2="">
   <subfield code="a">0919-4363</subfield>
  </datafield>
  <datafield tag="776" ind1="" ind2="">
   <subfield code="x">1884-0086</subfield>
  </datafield>
  <datafield tag="090" ind1="" ind2="">
   <subfield code="a">3150000000000351</subfield>
  </datafield>
  <datafield tag="945" ind1="" ind2="">
   <subfield code="m">ネンポウシャカイガクロンシュウ</subfield>
   <subfield code="s">ね ん ほ う し や か い か く ろ ん し ゆ う</subfield>
  </datafield>
  <datafield tag="866" ind1="" ind2="">
   <subfield code="a">Available from 1988 volume: 1988 issue: 1 until 2007 volume: 2007 issue: 20. </subfield>
   <subfield code="s">1000000000002132</subfield>
   <subfield code="t">1000000000001480</subfield>
   <subfield code="x">JST Journal@rchive:Full Text</subfield>
   <subfield code="z">3150000000000426</subfield>
  </datafield>
 </record>