
 <record>
  <leader>-----nas-a2200000z--4500</leader>
  <controlfield tag="008">121016uuuuuuuuuxx-uu-|------u|----|jpn-d</controlfield>
  <datafield tag="245" ind1="" ind2="">
   <subfield code="a">ライフサポート</subfield>
  </datafield>
  <datafield tag="246" ind1="" ind2="">
   <subfield code="a">RAIFUSAPOTO</subfield>
  </datafield>
  <datafield tag="246" ind1="" ind2="">
   <subfield code="a">RAIFU SAPOTO</subfield>
  </datafield>
  <datafield tag="260" ind1="" ind2="">
   <subfield code="a">Hatoyama-machi, Saitama-ken</subfield>
   <subfield code="b">Raifu Sapōto Gakkai</subfield>
  </datafield>
  <datafield tag="022" ind1="" ind2="">
   <subfield code="a">1341-9455</subfield>
  </datafield>
  <datafield tag="776" ind1="" ind2="">
   <subfield code="x">1884-5827</subfield>
  </datafield>
  <datafield tag="090" ind1="" ind2="">
   <subfield code="a">3150000000000357</subfield>
  </datafield>
  <datafield tag="945" ind1="" ind2="">
   <subfield code="m">ライフサポート</subfield>
   <subfield code="s">ら い ふ さ ほ お と</subfield>
  </datafield>
  <datafield tag="866" ind1="" ind2="">
   <subfield code="a">Available from 1996 volume: 8 issue: 1 until 2008 volume: 20. </subfield>
   <subfield code="s">1000000000002132</subfield>
   <subfield code="t">1000000000001480</subfield>
   <subfield code="x">JST Journal@rchive:Full Text</subfield>
   <subfield code="z">3150000000000432</subfield>
  </datafield>
 </record>