
 <record>
  <leader>-----nas-a2200000z--4500</leader>
  <controlfield tag="008">121016uuuuuuuuuxx-uu-|------u|----|jpn-d</controlfield>
  <datafield tag="245" ind1="" ind2="">
   <subfield code="a">漣痕</subfield>
  </datafield>
  <datafield tag="776" ind1="" ind2="">
   <subfield code="x">1884-4685</subfield>
  </datafield>
  <datafield tag="090" ind1="" ind2="">
   <subfield code="a">3150000000000358</subfield>
  </datafield>
  <datafield tag="945" ind1="" ind2="">
   <subfield code="m">レンコン</subfield>
   <subfield code="s">れ ん こ ん</subfield>
  </datafield>
  <datafield tag="866" ind1="" ind2="">
   <subfield code="a">Available from 1951 volume: 1 issue: 1 until 1952 volume: 5 issue: 5. </subfield>
   <subfield code="s">1000000000002132</subfield>
   <subfield code="t">1000000000001480</subfield>
   <subfield code="x">JST Journal@rchive:Full Text</subfield>
   <subfield code="z">3150000000000433</subfield>
  </datafield>
 </record>