
 <record>
  <leader>-----nas-a2200000z--4500</leader>
  <controlfield tag="008">121016uuuuuuuuuxx-uu-|------u|----|jpn-d</controlfield>
  <datafield tag="245" ind1="" ind2="0">
   <subfield code="a">北日本農薬研究会報告</subfield>
  </datafield>
  <datafield tag="246" ind1="" ind2="">
   <subfield code="a">KITANIHONNOUYAKUKENKYUUKAIHOUKOKU</subfield>
  </datafield>
  <datafield tag="260" ind1="" ind2="">
   <subfield code="a">大曲</subfield>
   <subfield code="b">北日本病害虫研究会</subfield>
  </datafield>
  <datafield tag="022" ind1="" ind2="">
   <subfield code="a">2185-5226</subfield>
  </datafield>
  <datafield tag="776" ind1="" ind2="">
   <subfield code="x">2185-4173</subfield>
  </datafield>
  <datafield tag="090" ind1="" ind2="">
   <subfield code="a">3150000000000378</subfield>
  </datafield>
  <datafield tag="945" ind1="" ind2="">
   <subfield code="m">キタニホンノウヤクケンキュウカイホウコク</subfield>
   <subfield code="s">き た に ほ ん の う や く け ん き ゆ う か い ほ う こ く</subfield>
  </datafield>
  <datafield tag="866" ind1="" ind2="">
   <subfield code="a">Available from 1955 volume: 1955 issue: 4 until 1957 volume: 1957 issue: 6. </subfield>
   <subfield code="s">1000000000002132</subfield>
   <subfield code="t">1000000000001480</subfield>
   <subfield code="x">JST Journal@rchive:Full Text</subfield>
   <subfield code="z">2670000000586617</subfield>
  </datafield>
 </record>