
 <record>
  <leader>-----nas-a2200000z--4500</leader>
  <controlfield tag="008">121016uuuuuuuuuxx-uu-|------u|----|jpn-d</controlfield>
  <datafield tag="245" ind1="" ind2="0">
   <subfield code="a">東北農薬研究会報告</subfield>
  </datafield>
  <datafield tag="246" ind1="" ind2="">
   <subfield code="a">TOUHOKUNOUYAKUKENKYUUKAIHOUKOKU</subfield>
  </datafield>
  <datafield tag="260" ind1="" ind2="">
   <subfield code="a">大曲</subfield>
   <subfield code="b">北日本病害虫研究会</subfield>
  </datafield>
  <datafield tag="022" ind1="" ind2="">
   <subfield code="a">2185-5218</subfield>
  </datafield>
  <datafield tag="776" ind1="" ind2="">
   <subfield code="x">2185-4165</subfield>
  </datafield>
  <datafield tag="090" ind1="" ind2="">
   <subfield code="a">3150000000000379</subfield>
  </datafield>
  <datafield tag="945" ind1="" ind2="">
   <subfield code="m">トウホクノウヤクケンキュウカイホウコク</subfield>
   <subfield code="s">と う ほ く の う や く け ん き ゆ う か い ほ う こ く</subfield>
  </datafield>
  <datafield tag="866" ind1="" ind2="">
   <subfield code="a">Available from 1952 volume: 1952 issue: 1 until 1954 volume: 1954 issue: 3. </subfield>
   <subfield code="s">1000000000002132</subfield>
   <subfield code="t">1000000000001480</subfield>
   <subfield code="x">JST Journal@rchive:Full Text</subfield>
   <subfield code="z">2670000000586616</subfield>
  </datafield>
 </record>