
 <record>
  <leader>-----nas-a2200000z--4500</leader>
  <controlfield tag="008">121016uuuuuuuuuxx-uu-|------u|----|jpn-d</controlfield>
  <datafield tag="245" ind1="" ind2="0">
   <subfield code="a">大日本耳鼻咽喉科会会報</subfield>
  </datafield>
  <datafield tag="260" ind1="" ind2="">
   <subfield code="a">東京</subfield>
   <subfield code="b">大日本耳鼻咽喉科会</subfield>
  </datafield>
  <datafield tag="022" ind1="" ind2="">
   <subfield code="a">2186-814X</subfield>
  </datafield>
  <datafield tag="776" ind1="" ind2="">
   <subfield code="x">2186-6767</subfield>
  </datafield>
  <datafield tag="090" ind1="" ind2="">
   <subfield code="a">3150000000000529</subfield>
  </datafield>
  <datafield tag="945" ind1="" ind2="">
   <subfield code="m">ダイニホンジビインコウカカイカイホウ</subfield>
   <subfield code="s">た い に ほ ん し ひ い ん こ う か か い か い ほ う</subfield>
  </datafield>
  <datafield tag="866" ind1="" ind2="">
   <subfield code="a">Available from 1897 volume: 3 issue: 1 until 2008 volume: 13 issue: 9. </subfield>
   <subfield code="s">1000000000002132</subfield>
   <subfield code="t">1000000000001480</subfield>
   <subfield code="x">JST Journal@rchive:Full Text</subfield>
   <subfield code="z">3150000000000721</subfield>
  </datafield>
 </record>